<record><header><identifier>oai:cds.cern.ch:748220</identifier><datestamp>2010-03-30T10:15:35Z</datestamp><setSpec>cerncds:FULLTEXT</setSpec></header><metadata><marc:record xmlns:marc="http://www.loc.gov/MARC21/slim" xmlns:xsi="http://www.w3.org/2001/XMLSchema-instance" xsi:schemaLocation="http://www.loc.gov/MARC21/slim http://www.loc.gov/standards/marcxml/schema/MARC21slim.xsd" type="Bibliographic">
     <marc:leader>00000coc  2200000uu 4500</marc:leader>
  <marc:controlfield tag="001">748220</marc:controlfield>
  <marc:controlfield tag="003">SzGeCERN</marc:controlfield>
  <marc:controlfield tag="005">20121219060435.0</marc:controlfield>
  <marc:datafield tag="024" ind1="8" ind2=" ">
    <marc:subfield code="a">oai:cds.cern.ch:748220</marc:subfield>
    <marc:subfield code="p">cerncds:FULLTEXT</marc:subfield>
  </marc:datafield>
  <marc:datafield tag="035" ind1=" " ind2=" ">
    <marc:subfield code="9">INIS</marc:subfield>
    <marc:subfield code="a">34007021</marc:subfield>
  </marc:datafield>
  <marc:datafield tag="041" ind1=" " ind2=" ">
    <marc:subfield code="a">chi</marc:subfield>
  </marc:datafield>
  <marc:datafield tag="088" ind1=" " ind2=" ">
    <marc:subfield code="a">CNIC-01610</marc:subfield>
  </marc:datafield>
  <marc:datafield tag="088" ind1=" " ind2=" ">
    <marc:subfield code="a">IAE-0202</marc:subfield>
  </marc:datafield>
  <marc:datafield tag="100" ind1=" " ind2=" ">
    <marc:subfield code="a">Shen Guan Ren</marc:subfield>
  </marc:datafield>
  <marc:datafield tag="245" ind1=" " ind2=" ">
    <marc:subfield code="a">Symposium on CIAE 600 kV ns pulse neutron generator</marc:subfield>
  </marc:datafield>
  <marc:datafield tag="260" ind1=" " ind2=" ">
    <marc:subfield code="a">Beijing</marc:subfield>
    <marc:subfield code="b">Chin. Nucl. Inform. Cent.</marc:subfield>
    <marc:subfield code="c">2001</marc:subfield>
  </marc:datafield>
  <marc:datafield tag="300" ind1=" " ind2=" ">
    <marc:subfield code="a">77 p</marc:subfield>
  </marc:datafield>
  <marc:datafield tag="520" ind1=" " ind2=" ">
    <marc:subfield code="a">CIAE 600 kV ns Pulse Neutron Generator was built by China National Nuclear Corporation, which is an important facility mainly used for experimental researches of nuclear reactions induced by 14 MeV neutrons, experimental measurements of energy spectra of secondary neutrons and charged particles and macro-checking experiments of evaluated neutron database and dosimetry researches of neutrons and gamma rays. It is the first home made one, but the fourth similar facility in the world. Six articles are included in this symposium. The articles details the general structure, radio frequency ion source, high current beam ns pulsed system, etc. The main technical problems resolved during development are discussed. And attentions and experiences in the generator adjustments are introduced</marc:subfield>
  </marc:datafield>
  <marc:datafield tag="595" ind1=" " ind2=" ">
    <marc:subfield code="a">SIS INIS2004</marc:subfield>
  </marc:datafield>
  <marc:datafield tag="650" ind1="1" ind2="7">
    <marc:subfield code="2">SzGeCERN</marc:subfield>
    <marc:subfield code="a">Accelerators and Storage Rings</marc:subfield>
  </marc:datafield>
  <marc:datafield tag="690" ind1="C" ind2=" ">
    <marc:subfield code="a">REPORT</marc:subfield>
  </marc:datafield>
  <marc:datafield tag="694" ind1=" " ind2=" ">
    <marc:subfield code="9">INIS</marc:subfield>
    <marc:subfield code="a">Particle accelerators</marc:subfield>
  </marc:datafield>
  <marc:datafield tag="695" ind1=" " ind2=" ">
    <marc:subfield code="9">INIS</marc:subfield>
    <marc:subfield code="a">abstracts-</marc:subfield>
  </marc:datafield>
  <marc:datafield tag="695" ind1=" " ind2=" ">
    <marc:subfield code="9">INIS</marc:subfield>
    <marc:subfield code="a">baryon-reactions</marc:subfield>
  </marc:datafield>
  <marc:datafield tag="695" ind1=" " ind2=" ">
    <marc:subfield code="9">INIS</marc:subfield>
    <marc:subfield code="a">beam-pulsers</marc:subfield>
  </marc:datafield>
  <marc:datafield tag="695" ind1=" " ind2=" ">
    <marc:subfield code="9">INIS</marc:subfield>
    <marc:subfield code="a">chinese-organizations</marc:subfield>
  </marc:datafield>
  <marc:datafield tag="695" ind1=" " ind2=" ">
    <marc:subfield code="9">INIS</marc:subfield>
    <marc:subfield code="a">ciae-</marc:subfield>
  </marc:datafield>
  <marc:datafield tag="695" ind1=" " ind2=" ">
    <marc:subfield code="9">INIS</marc:subfield>
    <marc:subfield code="a">dosimetry-</marc:subfield>
  </marc:datafield>
  <marc:datafield tag="695" ind1=" " ind2=" ">
    <marc:subfield code="9">INIS</marc:subfield>
    <marc:subfield code="a">energy-range</marc:subfield>
  </marc:datafield>
  <marc:datafield tag="695" ind1=" " ind2=" ">
    <marc:subfield code="9">INIS</marc:subfield>
    <marc:subfield code="a">gamma-dosimetry</marc:subfield>
  </marc:datafield>
  <marc:datafield tag="695" ind1=" " ind2=" ">
    <marc:subfield code="9">INIS</marc:subfield>
    <marc:subfield code="a">hadron-reactions</marc:subfield>
  </marc:datafield>
  <marc:datafield tag="695" ind1=" " ind2=" ">
    <marc:subfield code="9">INIS</marc:subfield>
    <marc:subfield code="a">ion-sources</marc:subfield>
  </marc:datafield>
  <marc:datafield tag="695" ind1=" " ind2=" ">
    <marc:subfield code="9">INIS</marc:subfield>
    <marc:subfield code="a">leading-abstract</marc:subfield>
  </marc:datafield>
  <marc:datafield tag="695" ind1=" " ind2=" ">
    <marc:subfield code="9">INIS</marc:subfield>
    <marc:subfield code="a">mechanical-structures</marc:subfield>
  </marc:datafield>
  <marc:datafield tag="695" ind1=" " ind2=" ">
    <marc:subfield code="9">INIS</marc:subfield>
    <marc:subfield code="a">mev-range</marc:subfield>
  </marc:datafield>
  <marc:datafield tag="695" ind1=" " ind2=" ">
    <marc:subfield code="9">INIS</marc:subfield>
    <marc:subfield code="a">mev-range-10-100</marc:subfield>
  </marc:datafield>
  <marc:datafield tag="695" ind1=" " ind2=" ">
    <marc:subfield code="9">INIS</marc:subfield>
    <marc:subfield code="a">national-organizations</marc:subfield>
  </marc:datafield>
  <marc:datafield tag="695" ind1=" " ind2=" ">
    <marc:subfield code="9">INIS</marc:subfield>
    <marc:subfield code="a">neutron-dosimetry</marc:subfield>
  </marc:datafield>
  <marc:datafield tag="695" ind1=" " ind2=" ">
    <marc:subfield code="9">INIS</marc:subfield>
    <marc:subfield code="a">neutron-generators</marc:subfield>
  </marc:datafield>
  <marc:datafield tag="695" ind1=" " ind2=" ">
    <marc:subfield code="9">INIS</marc:subfield>
    <marc:subfield code="a">neutron-reactions</marc:subfield>
  </marc:datafield>
  <marc:datafield tag="695" ind1=" " ind2=" ">
    <marc:subfield code="9">INIS</marc:subfield>
    <marc:subfield code="a">neutron-sources</marc:subfield>
  </marc:datafield>
  <marc:datafield tag="695" ind1=" " ind2=" ">
    <marc:subfield code="9">INIS</marc:subfield>
    <marc:subfield code="a">neutron-spectra</marc:subfield>
  </marc:datafield>
  <marc:datafield tag="695" ind1=" " ind2=" ">
    <marc:subfield code="9">INIS</marc:subfield>
    <marc:subfield code="a">nuclear-reactions</marc:subfield>
  </marc:datafield>
  <marc:datafield tag="695" ind1=" " ind2=" ">
    <marc:subfield code="9">INIS</marc:subfield>
    <marc:subfield code="a">nucleon-reactions</marc:subfield>
  </marc:datafield>
  <marc:datafield tag="695" ind1=" " ind2=" ">
    <marc:subfield code="9">INIS</marc:subfield>
    <marc:subfield code="a">particle-sources</marc:subfield>
  </marc:datafield>
  <marc:datafield tag="695" ind1=" " ind2=" ">
    <marc:subfield code="9">INIS</marc:subfield>
    <marc:subfield code="a">radiation-sources</marc:subfield>
  </marc:datafield>
  <marc:datafield tag="695" ind1=" " ind2=" ">
    <marc:subfield code="9">INIS</marc:subfield>
    <marc:subfield code="a">rf-systems</marc:subfield>
  </marc:datafield>
  <marc:datafield tag="695" ind1=" " ind2=" ">
    <marc:subfield code="9">INIS</marc:subfield>
    <marc:subfield code="a">spectra-</marc:subfield>
  </marc:datafield>
  <marc:datafield tag="856" ind1="4" ind2=" ">
    <marc:subfield code="u">http://doc.cern.ch/archive/electronic/other/uploader/INIS/34007021.pdf</marc:subfield>
    <marc:subfield code="y">fulltext</marc:subfield>
  </marc:datafield>
  <marc:datafield tag="856" ind1="4" ind2=" ">
    <marc:subfield code="u">http://cds.cern.ch/record/748220/files/34007021.pdf</marc:subfield>
    <marc:subfield code="y">fulltext</marc:subfield>
  </marc:datafield>
  <marc:datafield tag="916" ind1=" " ind2=" ">
    <marc:subfield code="s">n</marc:subfield>
    <marc:subfield code="w">200426</marc:subfield>
  </marc:datafield>
  <marc:datafield tag="960" ind1=" " ind2=" ">
    <marc:subfield code="a">21</marc:subfield>
  </marc:datafield>
  <marc:datafield tag="961" ind1=" " ind2=" ">
    <marc:subfield code="c">20051003</marc:subfield>
    <marc:subfield code="h">1304</marc:subfield>
    <marc:subfield code="l">CER01</marc:subfield>
    <marc:subfield code="x">20040629</marc:subfield>
  </marc:datafield>
  <marc:datafield tag="963" ind1=" " ind2=" ">
    <marc:subfield code="a">PUBLIC</marc:subfield>
  </marc:datafield>
  <marc:datafield tag="970" ind1=" " ind2=" ">
    <marc:subfield code="a">002459585CER</marc:subfield>
  </marc:datafield>
  <marc:datafield tag="980" ind1=" " ind2=" ">
    <marc:subfield code="a">BOOK</marc:subfield>
  </marc:datafield>
  <marc:datafield tag="980" ind1=" " ind2=" ">
    <marc:subfield code="b">REPORT</marc:subfield>
  </marc:datafield>
</marc:record>
</metadata></record>