<record><header><identifier>oai:cds.cern.ch:748235</identifier><datestamp>2010-03-30T10:15:35Z</datestamp><setSpec>cerncds:FULLTEXT</setSpec></header><metadata><marc:record xmlns:marc="http://www.loc.gov/MARC21/slim" xmlns:xsi="http://www.w3.org/2001/XMLSchema-instance" xsi:schemaLocation="http://www.loc.gov/MARC21/slim http://www.loc.gov/standards/marcxml/schema/MARC21slim.xsd" type="Bibliographic">
     <marc:leader>00000coc  2200000uu 4500</marc:leader>
  <marc:controlfield tag="001">748235</marc:controlfield>
  <marc:controlfield tag="003">SzGeCERN</marc:controlfield>
  <marc:controlfield tag="005">20121219060436.0</marc:controlfield>
  <marc:datafield tag="024" ind1="8" ind2=" ">
    <marc:subfield code="a">oai:cds.cern.ch:748235</marc:subfield>
    <marc:subfield code="p">cerncds:FULLTEXT</marc:subfield>
  </marc:datafield>
  <marc:datafield tag="035" ind1=" " ind2=" ">
    <marc:subfield code="9">INIS</marc:subfield>
    <marc:subfield code="a">34005484</marc:subfield>
  </marc:datafield>
  <marc:datafield tag="041" ind1=" " ind2=" ">
    <marc:subfield code="a">eng</marc:subfield>
  </marc:datafield>
  <marc:datafield tag="088" ind1=" " ind2=" ">
    <marc:subfield code="a">EDT-624841</marc:subfield>
  </marc:datafield>
  <marc:datafield tag="088" ind1=" " ind2=" ">
    <marc:subfield code="a">RPP-5055</marc:subfield>
  </marc:datafield>
  <marc:datafield tag="100" ind1=" " ind2=" ">
    <marc:subfield code="a">Koch, M R</marc:subfield>
  </marc:datafield>
  <marc:datafield tag="245" ind1=" " ind2=" ">
    <marc:subfield code="a">Acceptance Test Procedure for New Pumping and Instrumentation Control Skid sup L sup</marc:subfield>
  </marc:datafield>
  <marc:datafield tag="260" ind1=" " ind2=" ">
    <marc:subfield code="a">Chilton</marc:subfield>
    <marc:subfield code="b">RAL</marc:subfield>
    <marc:subfield code="c">1999</marc:subfield>
  </marc:datafield>
  <marc:datafield tag="300" ind1=" " ind2=" ">
    <marc:subfield code="a">58 p</marc:subfield>
  </marc:datafield>
  <marc:datafield tag="500" ind1=" " ind2=" ">
    <marc:subfield code="a">Submitted on 11 Oct 1999</marc:subfield>
  </marc:datafield>
  <marc:datafield tag="520" ind1=" " ind2=" ">
    <marc:subfield code="a">This Acceptance Test Procedure (ATP) provides for the inspection and testing of the new Pumping and Instrumentation Control (PIC) skid designed as ''L''. The ATP will be performed after the construction of the PIC skid in the shop.</marc:subfield>
  </marc:datafield>
  <marc:datafield tag="595" ind1=" " ind2=" ">
    <marc:subfield code="a">SIS INIS2004</marc:subfield>
  </marc:datafield>
  <marc:datafield tag="650" ind1="1" ind2="7">
    <marc:subfield code="2">SzGeCERN</marc:subfield>
    <marc:subfield code="a">Detectors and Experimental Techniques</marc:subfield>
  </marc:datafield>
  <marc:datafield tag="690" ind1="C" ind2=" ">
    <marc:subfield code="a">REPORT</marc:subfield>
  </marc:datafield>
  <marc:datafield tag="694" ind1=" " ind2=" ">
    <marc:subfield code="9">INIS</marc:subfield>
    <marc:subfield code="a">Instrumentation related to nuclear science and technology</marc:subfield>
  </marc:datafield>
  <marc:datafield tag="695" ind1=" " ind2=" ">
    <marc:subfield code="9">INIS</marc:subfield>
    <marc:subfield code="a">equipment-</marc:subfield>
  </marc:datafield>
  <marc:datafield tag="695" ind1=" " ind2=" ">
    <marc:subfield code="9">INIS</marc:subfield>
    <marc:subfield code="a">measuring-instruments</marc:subfield>
  </marc:datafield>
  <marc:datafield tag="695" ind1=" " ind2=" ">
    <marc:subfield code="9">INIS</marc:subfield>
    <marc:subfield code="a">performance-testing</marc:subfield>
  </marc:datafield>
  <marc:datafield tag="695" ind1=" " ind2=" ">
    <marc:subfield code="9">INIS</marc:subfield>
    <marc:subfield code="a">portable-equipment</marc:subfield>
  </marc:datafield>
  <marc:datafield tag="695" ind1=" " ind2=" ">
    <marc:subfield code="9">INIS</marc:subfield>
    <marc:subfield code="a">pumps-</marc:subfield>
  </marc:datafield>
  <marc:datafield tag="695" ind1=" " ind2=" ">
    <marc:subfield code="9">INIS</marc:subfield>
    <marc:subfield code="a">quality-assurance</marc:subfield>
  </marc:datafield>
  <marc:datafield tag="695" ind1=" " ind2=" ">
    <marc:subfield code="9">INIS</marc:subfield>
    <marc:subfield code="a">testing-</marc:subfield>
  </marc:datafield>
  <marc:datafield tag="856" ind1="4" ind2=" ">
    <marc:subfield code="u">http://doc.cern.ch/archive/electronic/other/uploader/INIS/34005484.pdf</marc:subfield>
    <marc:subfield code="y">fulltext</marc:subfield>
  </marc:datafield>
  <marc:datafield tag="856" ind1="4" ind2=" ">
    <marc:subfield code="u">http://cds.cern.ch/record/748235/files/34005484.pdf</marc:subfield>
    <marc:subfield code="y">fulltext</marc:subfield>
  </marc:datafield>
  <marc:datafield tag="916" ind1=" " ind2=" ">
    <marc:subfield code="s">n</marc:subfield>
    <marc:subfield code="w">200426</marc:subfield>
  </marc:datafield>
  <marc:datafield tag="960" ind1=" " ind2=" ">
    <marc:subfield code="a">21</marc:subfield>
  </marc:datafield>
  <marc:datafield tag="961" ind1=" " ind2=" ">
    <marc:subfield code="c">20060114</marc:subfield>
    <marc:subfield code="h">2143</marc:subfield>
    <marc:subfield code="l">CER01</marc:subfield>
    <marc:subfield code="x">20040630</marc:subfield>
  </marc:datafield>
  <marc:datafield tag="963" ind1=" " ind2=" ">
    <marc:subfield code="a">PUBLIC</marc:subfield>
  </marc:datafield>
  <marc:datafield tag="970" ind1=" " ind2=" ">
    <marc:subfield code="a">002459600CER</marc:subfield>
  </marc:datafield>
  <marc:datafield tag="980" ind1=" " ind2=" ">
    <marc:subfield code="a">BOOK</marc:subfield>
  </marc:datafield>
  <marc:datafield tag="980" ind1=" " ind2=" ">
    <marc:subfield code="b">REPORT</marc:subfield>
  </marc:datafield>
</marc:record>
</metadata></record>