<record><header><identifier>oai:cds.cern.ch:748258</identifier><datestamp>2010-03-30T10:15:37Z</datestamp><setSpec>cerncds:FULLTEXT</setSpec></header><metadata><marc:record xmlns:marc="http://www.loc.gov/MARC21/slim" xmlns:xsi="http://www.w3.org/2001/XMLSchema-instance" xsi:schemaLocation="http://www.loc.gov/MARC21/slim http://www.loc.gov/standards/marcxml/schema/MARC21slim.xsd" type="Bibliographic">
     <marc:leader>00000coc  2200000uu 4500</marc:leader>
  <marc:controlfield tag="001">748258</marc:controlfield>
  <marc:controlfield tag="003">SzGeCERN</marc:controlfield>
  <marc:controlfield tag="005">20121219060439.0</marc:controlfield>
  <marc:datafield tag="024" ind1="8" ind2=" ">
    <marc:subfield code="a">oai:cds.cern.ch:748258</marc:subfield>
    <marc:subfield code="p">cerncds:FULLTEXT</marc:subfield>
  </marc:datafield>
  <marc:datafield tag="035" ind1=" " ind2=" ">
    <marc:subfield code="9">INIS</marc:subfield>
    <marc:subfield code="a">34005393</marc:subfield>
  </marc:datafield>
  <marc:datafield tag="041" ind1=" " ind2=" ">
    <marc:subfield code="a">eng</marc:subfield>
  </marc:datafield>
  <marc:datafield tag="100" ind1=" " ind2=" ">
    <marc:subfield code="a">Yadav, H L</marc:subfield>
  </marc:datafield>
  <marc:datafield tag="245" ind1=" " ind2=" ">
    <marc:subfield code="a">g factors as a probe for high-spin structure of neutron-rich Dy isotopes</marc:subfield>
  </marc:datafield>
  <marc:datafield tag="260" ind1=" " ind2=" ">
    <marc:subfield code="a">Dubna</marc:subfield>
    <marc:subfield code="b">Joint Inst. Nucl. Res.</marc:subfield>
    <marc:subfield code="c">2002</marc:subfield>
  </marc:datafield>
  <marc:datafield tag="300" ind1=" " ind2=" ">
    <marc:subfield code="a">mult. p</marc:subfield>
  </marc:datafield>
  <marc:datafield tag="520" ind1=" " ind2=" ">
    <marc:subfield code="a">We have made theoretical investigations on the structure of high spin states of sup 1 sup 6 sup 0 sup - sup 1 sup 7 sup 0 Dy isotopes to supplement the current experimental progress being made on the production and spectroscopy of neutron-rich Dy nuclei with mass number A=166 and 168. The calculations have been carried out within the framework of cranked Hartree-Fock-Bogolyubov (CHFB) theory employing a pairing + quadrupole + hexadecapole model interaction. Our results for the g factors show a remarkable variation as a function of angular momentum while moving from sup 1 sup 6 sup 4 Dy to neutron-rich isotopes sup 1 sup 6 sup 6 sup - sup 1 sup 7 sup 0 Dy. This is explained in terms of relative rate of change in proton and neutron single-particle contributions to the total aligned angular momentum as the system acquires higher spins. Amongst single-particle orbitals, the pi h sub 1 sub 1 sub / sub 2 and nu i sub 1 sub 3 sub / sub 2 states and their respective positions from the proton and neutron Fermi levels are found to play the most crucial role. A comparison with the available experimental data shows that our calculated spin dependence of g-factor values for yrast states in the stable isotopes sup 1 sup 6 sup 0 sup , sup 1 sup 6 sup 2 sup , sup 1 sup 6 sup 4 Dy are consistent with the recent measurements of Brandolini et al.</marc:subfield>
  </marc:datafield>
  <marc:datafield tag="595" ind1=" " ind2=" ">
    <marc:subfield code="a">SIS INIS2004</marc:subfield>
  </marc:datafield>
  <marc:datafield tag="650" ind1="1" ind2="7">
    <marc:subfield code="2">SzGeCERN</marc:subfield>
    <marc:subfield code="a">Nuclear Physics</marc:subfield>
  </marc:datafield>
  <marc:datafield tag="690" ind1="C" ind2=" ">
    <marc:subfield code="a">REPORT</marc:subfield>
  </marc:datafield>
  <marc:datafield tag="694" ind1=" " ind2=" ">
    <marc:subfield code="9">INIS</marc:subfield>
    <marc:subfield code="a">Nuclear physics and radiation physics</marc:subfield>
  </marc:datafield>
  <marc:datafield tag="695" ind1=" " ind2=" ">
    <marc:subfield code="9">INIS</marc:subfield>
    <marc:subfield code="a">angular-momentum</marc:subfield>
  </marc:datafield>
  <marc:datafield tag="695" ind1=" " ind2=" ">
    <marc:subfield code="9">INIS</marc:subfield>
    <marc:subfield code="a">beta-decay-radioisotopes</marc:subfield>
  </marc:datafield>
  <marc:datafield tag="695" ind1=" " ind2=" ">
    <marc:subfield code="9">INIS</marc:subfield>
    <marc:subfield code="a">beta-minus-decay-radioisotopes</marc:subfield>
  </marc:datafield>
  <marc:datafield tag="695" ind1=" " ind2=" ">
    <marc:subfield code="9">INIS</marc:subfield>
    <marc:subfield code="a">deformed-nuclei</marc:subfield>
  </marc:datafield>
  <marc:datafield tag="695" ind1=" " ind2=" ">
    <marc:subfield code="9">INIS</marc:subfield>
    <marc:subfield code="a">dysprosium-164</marc:subfield>
  </marc:datafield>
  <marc:datafield tag="695" ind1=" " ind2=" ">
    <marc:subfield code="9">INIS</marc:subfield>
    <marc:subfield code="a">dysprosium-isotopes</marc:subfield>
  </marc:datafield>
  <marc:datafield tag="695" ind1=" " ind2=" ">
    <marc:subfield code="9">INIS</marc:subfield>
    <marc:subfield code="a">energy-levels</marc:subfield>
  </marc:datafield>
  <marc:datafield tag="695" ind1=" " ind2=" ">
    <marc:subfield code="9">INIS</marc:subfield>
    <marc:subfield code="a">even-even-nuclei</marc:subfield>
  </marc:datafield>
  <marc:datafield tag="695" ind1=" " ind2=" ">
    <marc:subfield code="9">INIS</marc:subfield>
    <marc:subfield code="a">excited-states</marc:subfield>
  </marc:datafield>
  <marc:datafield tag="695" ind1=" " ind2=" ">
    <marc:subfield code="9">INIS</marc:subfield>
    <marc:subfield code="a">gyromagnetic-ratio</marc:subfield>
  </marc:datafield>
  <marc:datafield tag="695" ind1=" " ind2=" ">
    <marc:subfield code="9">INIS</marc:subfield>
    <marc:subfield code="a">hamiltonians-</marc:subfield>
  </marc:datafield>
  <marc:datafield tag="695" ind1=" " ind2=" ">
    <marc:subfield code="9">INIS</marc:subfield>
    <marc:subfield code="a">hartree-fock-bogolyubov-theory</marc:subfield>
  </marc:datafield>
  <marc:datafield tag="695" ind1=" " ind2=" ">
    <marc:subfield code="9">INIS</marc:subfield>
    <marc:subfield code="a">hexadecapoles-</marc:subfield>
  </marc:datafield>
  <marc:datafield tag="695" ind1=" " ind2=" ">
    <marc:subfield code="9">INIS</marc:subfield>
    <marc:subfield code="a">interactions-</marc:subfield>
  </marc:datafield>
  <marc:datafield tag="695" ind1=" " ind2=" ">
    <marc:subfield code="9">INIS</marc:subfield>
    <marc:subfield code="a">intermediate-mass-nuclei</marc:subfield>
  </marc:datafield>
  <marc:datafield tag="695" ind1=" " ind2=" ">
    <marc:subfield code="9">INIS</marc:subfield>
    <marc:subfield code="a">isotopes-</marc:subfield>
  </marc:datafield>
  <marc:datafield tag="695" ind1=" " ind2=" ">
    <marc:subfield code="9">INIS</marc:subfield>
    <marc:subfield code="a">mathematical-operators</marc:subfield>
  </marc:datafield>
  <marc:datafield tag="695" ind1=" " ind2=" ">
    <marc:subfield code="9">INIS</marc:subfield>
    <marc:subfield code="a">multipoles-</marc:subfield>
  </marc:datafield>
  <marc:datafield tag="695" ind1=" " ind2=" ">
    <marc:subfield code="9">INIS</marc:subfield>
    <marc:subfield code="a">neutron-rich-isotopes</marc:subfield>
  </marc:datafield>
  <marc:datafield tag="695" ind1=" " ind2=" ">
    <marc:subfield code="9">INIS</marc:subfield>
    <marc:subfield code="a">nuclei-</marc:subfield>
  </marc:datafield>
  <marc:datafield tag="695" ind1=" " ind2=" ">
    <marc:subfield code="9">INIS</marc:subfield>
    <marc:subfield code="a">pairing-interactions</marc:subfield>
  </marc:datafield>
  <marc:datafield tag="695" ind1=" " ind2=" ">
    <marc:subfield code="9">INIS</marc:subfield>
    <marc:subfield code="a">quadrupoles-</marc:subfield>
  </marc:datafield>
  <marc:datafield tag="695" ind1=" " ind2=" ">
    <marc:subfield code="9">INIS</marc:subfield>
    <marc:subfield code="a">quantum-operators</marc:subfield>
  </marc:datafield>
  <marc:datafield tag="695" ind1=" " ind2=" ">
    <marc:subfield code="9">INIS</marc:subfield>
    <marc:subfield code="a">radioisotopes-</marc:subfield>
  </marc:datafield>
  <marc:datafield tag="695" ind1=" " ind2=" ">
    <marc:subfield code="9">INIS</marc:subfield>
    <marc:subfield code="a">rare-earth-nuclei</marc:subfield>
  </marc:datafield>
  <marc:datafield tag="695" ind1=" " ind2=" ">
    <marc:subfield code="9">INIS</marc:subfield>
    <marc:subfield code="a">stable-isotopes</marc:subfield>
  </marc:datafield>
  <marc:datafield tag="700" ind1=" " ind2=" ">
    <marc:subfield code="a">Ansari, A</marc:subfield>
  </marc:datafield>
  <marc:datafield tag="700" ind1=" " ind2=" ">
    <marc:subfield code="a">Jakhar, I R</marc:subfield>
  </marc:datafield>
  <marc:datafield tag="700" ind1=" " ind2=" ">
    <marc:subfield code="a">Kaushik, M</marc:subfield>
  </marc:datafield>
  <marc:datafield tag="856" ind1="4" ind2=" ">
    <marc:subfield code="u">http://doc.cern.ch/archive/electronic/other/uploader/INIS/34005393.pdf</marc:subfield>
    <marc:subfield code="y">fulltext</marc:subfield>
  </marc:datafield>
  <marc:datafield tag="856" ind1="4" ind2=" ">
    <marc:subfield code="u">http://cds.cern.ch/record/748258/files/34005393.pdf</marc:subfield>
    <marc:subfield code="y">fulltext</marc:subfield>
  </marc:datafield>
  <marc:datafield tag="916" ind1=" " ind2=" ">
    <marc:subfield code="s">n</marc:subfield>
    <marc:subfield code="w">200426</marc:subfield>
  </marc:datafield>
  <marc:datafield tag="960" ind1=" " ind2=" ">
    <marc:subfield code="a">21</marc:subfield>
  </marc:datafield>
  <marc:datafield tag="961" ind1=" " ind2=" ">
    <marc:subfield code="c">20070503</marc:subfield>
    <marc:subfield code="h">1325</marc:subfield>
    <marc:subfield code="l">CER01</marc:subfield>
    <marc:subfield code="x">20040629</marc:subfield>
  </marc:datafield>
  <marc:datafield tag="963" ind1=" " ind2=" ">
    <marc:subfield code="a">PUBLIC</marc:subfield>
  </marc:datafield>
  <marc:datafield tag="970" ind1=" " ind2=" ">
    <marc:subfield code="a">002459623CER</marc:subfield>
  </marc:datafield>
  <marc:datafield tag="980" ind1=" " ind2=" ">
    <marc:subfield code="a">BOOK</marc:subfield>
  </marc:datafield>
  <marc:datafield tag="980" ind1=" " ind2=" ">
    <marc:subfield code="b">REPORT</marc:subfield>
  </marc:datafield>
</marc:record>
</metadata></record>