<record><header><identifier>oai:cds.cern.ch:748314</identifier><datestamp>2010-03-30T10:15:43Z</datestamp><setSpec>cerncds:FULLTEXT</setSpec></header><metadata><marc:record xmlns:marc="http://www.loc.gov/MARC21/slim" xmlns:xsi="http://www.w3.org/2001/XMLSchema-instance" xsi:schemaLocation="http://www.loc.gov/MARC21/slim http://www.loc.gov/standards/marcxml/schema/MARC21slim.xsd" type="Bibliographic">
     <marc:leader>00000coc  2200000uu 4500</marc:leader>
  <marc:controlfield tag="001">748314</marc:controlfield>
  <marc:controlfield tag="003">SzGeCERN</marc:controlfield>
  <marc:controlfield tag="005">20121219060441.0</marc:controlfield>
  <marc:datafield tag="024" ind1="8" ind2=" ">
    <marc:subfield code="a">oai:cds.cern.ch:748314</marc:subfield>
    <marc:subfield code="p">cerncds:FULLTEXT</marc:subfield>
  </marc:datafield>
  <marc:datafield tag="035" ind1=" " ind2=" ">
    <marc:subfield code="9">INIS</marc:subfield>
    <marc:subfield code="a">34002128</marc:subfield>
  </marc:datafield>
  <marc:datafield tag="041" ind1=" " ind2=" ">
    <marc:subfield code="a">jpn</marc:subfield>
  </marc:datafield>
  <marc:datafield tag="088" ind1=" " ind2=" ">
    <marc:subfield code="a">JAERI-REVIEW-2002-002</marc:subfield>
  </marc:datafield>
  <marc:datafield tag="100" ind1=" " ind2=" ">
    <marc:subfield code="a">Minakawa, N</marc:subfield>
  </marc:datafield>
  <marc:datafield tag="245" ind1=" " ind2=" ">
    <marc:subfield code="a">Workshop on industrial application of neutron diffraction. Stress measurement by neutron diffraction</marc:subfield>
  </marc:datafield>
  <marc:datafield tag="260" ind1=" " ind2=" ">
    <marc:subfield code="c">2002</marc:subfield>
  </marc:datafield>
  <marc:datafield tag="300" ind1=" " ind2=" ">
    <marc:subfield code="a">50 p</marc:subfield>
  </marc:datafield>
  <marc:datafield tag="520" ind1=" " ind2=" ">
    <marc:subfield code="a">This workshop was planned to make use of the neutron from the reactor and the pulse neutron source JSNS for the industrial world. Especially, this workshop focused on the stress measurement by the neutron diffraction and it was held on the Tokai JAERI from October 15 to 16, 2001. The participant total was 93 and 40 participated from the industrial world. The introduction of the residual stress development of measurement technique by the neutron diffraction method and a research of the measurement of the residual stress such as the nuclear reactor material, the ordinary structure material, the composite material, the quenching steel, the high strength material were presented and discussed in this workshop. Moreover, it was introduced for the industrial world that an internal stress measurement is important for development of new product or an improvement of a manufacturing process. The question from the industrial world about which can be measured the product form, the size, the measurement precision, the resolution, and the installation plan of internal stress measurement equipment using the pulse neutron source under construction. From an expert, there was a question concerning on the internal stress distribution measurement about stress corrosion cracking etc.</marc:subfield>
  </marc:datafield>
  <marc:datafield tag="595" ind1=" " ind2=" ">
    <marc:subfield code="a">SIS INIS2004</marc:subfield>
  </marc:datafield>
  <marc:datafield tag="650" ind1="1" ind2="7">
    <marc:subfield code="2">SzGeCERN</marc:subfield>
    <marc:subfield code="a">Condensed Matter</marc:subfield>
  </marc:datafield>
  <marc:datafield tag="690" ind1="C" ind2=" ">
    <marc:subfield code="a">REPORT</marc:subfield>
  </marc:datafield>
  <marc:datafield tag="694" ind1=" " ind2=" ">
    <marc:subfield code="9">INIS</marc:subfield>
    <marc:subfield code="a">Condensed matter physics, superconductivity and superfluidity</marc:subfield>
  </marc:datafield>
  <marc:datafield tag="695" ind1=" " ind2=" ">
    <marc:subfield code="9">INIS</marc:subfield>
    <marc:subfield code="a">coherent-scattering</marc:subfield>
  </marc:datafield>
  <marc:datafield tag="695" ind1=" " ind2=" ">
    <marc:subfield code="9">INIS</marc:subfield>
    <marc:subfield code="a">composite-materials</marc:subfield>
  </marc:datafield>
  <marc:datafield tag="695" ind1=" " ind2=" ">
    <marc:subfield code="9">INIS</marc:subfield>
    <marc:subfield code="a">diffraction-</marc:subfield>
  </marc:datafield>
  <marc:datafield tag="695" ind1=" " ind2=" ">
    <marc:subfield code="9">INIS</marc:subfield>
    <marc:subfield code="a">enriched-uranium-reactors</marc:subfield>
  </marc:datafield>
  <marc:datafield tag="695" ind1=" " ind2=" ">
    <marc:subfield code="9">INIS</marc:subfield>
    <marc:subfield code="a">films-</marc:subfield>
  </marc:datafield>
  <marc:datafield tag="695" ind1=" " ind2=" ">
    <marc:subfield code="9">INIS</marc:subfield>
    <marc:subfield code="a">irradiation-reactors</marc:subfield>
  </marc:datafield>
  <marc:datafield tag="695" ind1=" " ind2=" ">
    <marc:subfield code="9">INIS</marc:subfield>
    <marc:subfield code="a">isotope-production-reactors</marc:subfield>
  </marc:datafield>
  <marc:datafield tag="695" ind1=" " ind2=" ">
    <marc:subfield code="9">INIS</marc:subfield>
    <marc:subfield code="a">jrr-3m-reactor</marc:subfield>
  </marc:datafield>
  <marc:datafield tag="695" ind1=" " ind2=" ">
    <marc:subfield code="9">INIS</marc:subfield>
    <marc:subfield code="a">materials-</marc:subfield>
  </marc:datafield>
  <marc:datafield tag="695" ind1=" " ind2=" ">
    <marc:subfield code="9">INIS</marc:subfield>
    <marc:subfield code="a">materials-testing-reactors</marc:subfield>
  </marc:datafield>
  <marc:datafield tag="695" ind1=" " ind2=" ">
    <marc:subfield code="9">INIS</marc:subfield>
    <marc:subfield code="a">neutron-diffraction</marc:subfield>
  </marc:datafield>
  <marc:datafield tag="695" ind1=" " ind2=" ">
    <marc:subfield code="9">INIS</marc:subfield>
    <marc:subfield code="a">neutron-sources</marc:subfield>
  </marc:datafield>
  <marc:datafield tag="695" ind1=" " ind2=" ">
    <marc:subfield code="9">INIS</marc:subfield>
    <marc:subfield code="a">nuclear-reactions</marc:subfield>
  </marc:datafield>
  <marc:datafield tag="695" ind1=" " ind2=" ">
    <marc:subfield code="9">INIS</marc:subfield>
    <marc:subfield code="a">particle-sources</marc:subfield>
  </marc:datafield>
  <marc:datafield tag="695" ind1=" " ind2=" ">
    <marc:subfield code="9">INIS</marc:subfield>
    <marc:subfield code="a">pool-type-reactors</marc:subfield>
  </marc:datafield>
  <marc:datafield tag="695" ind1=" " ind2=" ">
    <marc:subfield code="9">INIS</marc:subfield>
    <marc:subfield code="a">radiation-sources</marc:subfield>
  </marc:datafield>
  <marc:datafield tag="695" ind1=" " ind2=" ">
    <marc:subfield code="9">INIS</marc:subfield>
    <marc:subfield code="a">reactor-materials</marc:subfield>
  </marc:datafield>
  <marc:datafield tag="695" ind1=" " ind2=" ">
    <marc:subfield code="9">INIS</marc:subfield>
    <marc:subfield code="a">reactors-</marc:subfield>
  </marc:datafield>
  <marc:datafield tag="695" ind1=" " ind2=" ">
    <marc:subfield code="9">INIS</marc:subfield>
    <marc:subfield code="a">research-and-test-reactors</marc:subfield>
  </marc:datafield>
  <marc:datafield tag="695" ind1=" " ind2=" ">
    <marc:subfield code="9">INIS</marc:subfield>
    <marc:subfield code="a">research-reactors</marc:subfield>
  </marc:datafield>
  <marc:datafield tag="695" ind1=" " ind2=" ">
    <marc:subfield code="9">INIS</marc:subfield>
    <marc:subfield code="a">residual-stresses</marc:subfield>
  </marc:datafield>
  <marc:datafield tag="695" ind1=" " ind2=" ">
    <marc:subfield code="9">INIS</marc:subfield>
    <marc:subfield code="a">scattering-</marc:subfield>
  </marc:datafield>
  <marc:datafield tag="695" ind1=" " ind2=" ">
    <marc:subfield code="9">INIS</marc:subfield>
    <marc:subfield code="a">spallation-</marc:subfield>
  </marc:datafield>
  <marc:datafield tag="695" ind1=" " ind2=" ">
    <marc:subfield code="9">INIS</marc:subfield>
    <marc:subfield code="a">stresses-</marc:subfield>
  </marc:datafield>
  <marc:datafield tag="695" ind1=" " ind2=" ">
    <marc:subfield code="9">INIS</marc:subfield>
    <marc:subfield code="a">thin-films</marc:subfield>
  </marc:datafield>
  <marc:datafield tag="695" ind1=" " ind2=" ">
    <marc:subfield code="9">INIS</marc:subfield>
    <marc:subfield code="a">water-cooled-reactors</marc:subfield>
  </marc:datafield>
  <marc:datafield tag="695" ind1=" " ind2=" ">
    <marc:subfield code="9">INIS</marc:subfield>
    <marc:subfield code="a">water-moderated-reactors</marc:subfield>
  </marc:datafield>
  <marc:datafield tag="700" ind1=" " ind2=" ">
    <marc:subfield code="a">Moriai, A</marc:subfield>
  </marc:datafield>
  <marc:datafield tag="700" ind1=" " ind2=" ">
    <marc:subfield code="a">Morii, Y</marc:subfield>
  </marc:datafield>
  <marc:datafield tag="700" ind1=" " ind2=" ">
    <marc:subfield code="a">Oyama, Y</marc:subfield>
  </marc:datafield>
  <marc:datafield tag="856" ind1="4" ind2=" ">
    <marc:subfield code="u">http://doc.cern.ch/archive/electronic/other/uploader/INIS/34002128.pdf</marc:subfield>
    <marc:subfield code="y">fulltext</marc:subfield>
  </marc:datafield>
  <marc:datafield tag="856" ind1="4" ind2=" ">
    <marc:subfield code="u">http://cds.cern.ch/record/748314/files/34002128.pdf</marc:subfield>
    <marc:subfield code="y">fulltext</marc:subfield>
  </marc:datafield>
  <marc:datafield tag="916" ind1=" " ind2=" ">
    <marc:subfield code="s">n</marc:subfield>
    <marc:subfield code="w">200426</marc:subfield>
  </marc:datafield>
  <marc:datafield tag="960" ind1=" " ind2=" ">
    <marc:subfield code="a">21</marc:subfield>
  </marc:datafield>
  <marc:datafield tag="961" ind1=" " ind2=" ">
    <marc:subfield code="c">20080605</marc:subfield>
    <marc:subfield code="h">2022</marc:subfield>
    <marc:subfield code="l">CER01</marc:subfield>
    <marc:subfield code="x">20040629</marc:subfield>
  </marc:datafield>
  <marc:datafield tag="963" ind1=" " ind2=" ">
    <marc:subfield code="a">PUBLIC</marc:subfield>
  </marc:datafield>
  <marc:datafield tag="970" ind1=" " ind2=" ">
    <marc:subfield code="a">002459679CER</marc:subfield>
  </marc:datafield>
  <marc:datafield tag="980" ind1=" " ind2=" ">
    <marc:subfield code="a">BOOK</marc:subfield>
  </marc:datafield>
  <marc:datafield tag="980" ind1=" " ind2=" ">
    <marc:subfield code="b">REPORT</marc:subfield>
  </marc:datafield>
</marc:record>
</metadata></record>