<record><header><identifier>oai:cds.cern.ch:748318</identifier><datestamp>2009-07-13T04:11:02Z</datestamp><setSpec>cerncds:FULLTEXT</setSpec></header><metadata><marc:record xmlns:marc="http://www.loc.gov/MARC21/slim" xmlns:xsi="http://www.w3.org/2001/XMLSchema-instance" xsi:schemaLocation="http://www.loc.gov/MARC21/slim http://www.loc.gov/standards/marcxml/schema/MARC21slim.xsd" type="Bibliographic">
     <marc:leader>00000coc  2200000uu 4500</marc:leader>
  <marc:controlfield tag="001">748318</marc:controlfield>
  <marc:controlfield tag="003">SzGeCERN</marc:controlfield>
  <marc:controlfield tag="005">20121219060444.0</marc:controlfield>
  <marc:datafield tag="024" ind1="8" ind2=" ">
    <marc:subfield code="a">oai:cds.cern.ch:748318</marc:subfield>
    <marc:subfield code="p">cerncds:FULLTEXT</marc:subfield>
  </marc:datafield>
  <marc:datafield tag="035" ind1=" " ind2=" ">
    <marc:subfield code="9">INIS</marc:subfield>
    <marc:subfield code="a">34001930</marc:subfield>
  </marc:datafield>
  <marc:datafield tag="041" ind1=" " ind2=" ">
    <marc:subfield code="a">pol</marc:subfield>
  </marc:datafield>
  <marc:datafield tag="088" ind1=" " ind2=" ">
    <marc:subfield code="a">INCT-9-B-01</marc:subfield>
  </marc:datafield>
  <marc:datafield tag="100" ind1=" " ind2=" ">
    <marc:subfield code="a">Peimel-Stuglik, Z</marc:subfield>
  </marc:datafield>
  <marc:datafield tag="245" ind1=" " ind2=" ">
    <marc:subfield code="a">Dose rate measurement of a cobalt source 'Issledovatel' by means of Fricke dosimeter</marc:subfield>
  </marc:datafield>
  <marc:datafield tag="246" ind1=" " ind2=" ">
    <marc:subfield code="a">Metodyka pomiaru mocy dawki zrodla kobaltowego 'Issledovatel' za pomoca dozymetru frickego</marc:subfield>
  </marc:datafield>
  <marc:datafield tag="260" ind1=" " ind2=" ">
    <marc:subfield code="c">2001</marc:subfield>
  </marc:datafield>
  <marc:datafield tag="269" ind1=" " ind2=" ">
    <marc:subfield code="a">Warsaw</marc:subfield>
    <marc:subfield code="b">Warsaw Univ. Inst. Nucl. Chem. Technol.</marc:subfield>
    <marc:subfield code="c">2001</marc:subfield>
  </marc:datafield>
  <marc:datafield tag="300" ind1=" " ind2=" ">
    <marc:subfield code="a">20 p</marc:subfield>
  </marc:datafield>
  <marc:datafield tag="520" ind1=" " ind2=" ">
    <marc:subfield code="a">The results of measurements leading to the elaboration of a reliable and accurate dose rate determination for a cobalt irradiator 'Issledovatel' were presented. The dose measurements were done by means of classic Fricke dosimeter. The conclusions from measurements can be useful also for the dosimetry of other kinds of cobalt irradiators. The measurements were performed by a newly employed Laboratory for Measurements of Technological Doses staff and were a practical test of their proficiency in gamma ray dosimetry.</marc:subfield>
  </marc:datafield>
  <marc:datafield tag="595" ind1=" " ind2=" ">
    <marc:subfield code="a">SIS INIS2004</marc:subfield>
  </marc:datafield>
  <marc:datafield tag="650" ind1="1" ind2="7">
    <marc:subfield code="2">SzGeCERN</marc:subfield>
    <marc:subfield code="a">Detectors and Experimental Techniques</marc:subfield>
  </marc:datafield>
  <marc:datafield tag="690" ind1="C" ind2=" ">
    <marc:subfield code="a">PREPRINT</marc:subfield>
  </marc:datafield>
  <marc:datafield tag="694" ind1=" " ind2=" ">
    <marc:subfield code="9">INIS</marc:subfield>
    <marc:subfield code="a">Instrumentation related to nuclear science and technology</marc:subfield>
  </marc:datafield>
  <marc:datafield tag="695" ind1=" " ind2=" ">
    <marc:subfield code="9">INIS</marc:subfield>
    <marc:subfield code="a">accuracy-</marc:subfield>
  </marc:datafield>
  <marc:datafield tag="695" ind1=" " ind2=" ">
    <marc:subfield code="9">INIS</marc:subfield>
    <marc:subfield code="a">beta-decay-radioisotopes</marc:subfield>
  </marc:datafield>
  <marc:datafield tag="695" ind1=" " ind2=" ">
    <marc:subfield code="9">INIS</marc:subfield>
    <marc:subfield code="a">beta-minus-decay-radioisotopes</marc:subfield>
  </marc:datafield>
  <marc:datafield tag="695" ind1=" " ind2=" ">
    <marc:subfield code="9">INIS</marc:subfield>
    <marc:subfield code="a">chemical-dosemeters</marc:subfield>
  </marc:datafield>
  <marc:datafield tag="695" ind1=" " ind2=" ">
    <marc:subfield code="9">INIS</marc:subfield>
    <marc:subfield code="a">cobalt-60</marc:subfield>
  </marc:datafield>
  <marc:datafield tag="695" ind1=" " ind2=" ">
    <marc:subfield code="9">INIS</marc:subfield>
    <marc:subfield code="a">cobalt-isotopes</marc:subfield>
  </marc:datafield>
  <marc:datafield tag="695" ind1=" " ind2=" ">
    <marc:subfield code="9">INIS</marc:subfield>
    <marc:subfield code="a">dosemeters-</marc:subfield>
  </marc:datafield>
  <marc:datafield tag="695" ind1=" " ind2=" ">
    <marc:subfield code="9">INIS</marc:subfield>
    <marc:subfield code="a">dose-rates</marc:subfield>
  </marc:datafield>
  <marc:datafield tag="695" ind1=" " ind2=" ">
    <marc:subfield code="9">INIS</marc:subfield>
    <marc:subfield code="a">dose-response-relationships</marc:subfield>
  </marc:datafield>
  <marc:datafield tag="695" ind1=" " ind2=" ">
    <marc:subfield code="9">INIS</marc:subfield>
    <marc:subfield code="a">intermediate-mass-nuclei</marc:subfield>
  </marc:datafield>
  <marc:datafield tag="695" ind1=" " ind2=" ">
    <marc:subfield code="9">INIS</marc:subfield>
    <marc:subfield code="a">internal-conversion-radioisotopes</marc:subfield>
  </marc:datafield>
  <marc:datafield tag="695" ind1=" " ind2=" ">
    <marc:subfield code="9">INIS</marc:subfield>
    <marc:subfield code="a">isomeric-transition-isotopes</marc:subfield>
  </marc:datafield>
  <marc:datafield tag="695" ind1=" " ind2=" ">
    <marc:subfield code="9">INIS</marc:subfield>
    <marc:subfield code="a">isotopes-</marc:subfield>
  </marc:datafield>
  <marc:datafield tag="695" ind1=" " ind2=" ">
    <marc:subfield code="9">INIS</marc:subfield>
    <marc:subfield code="a">measuring-instruments</marc:subfield>
  </marc:datafield>
  <marc:datafield tag="695" ind1=" " ind2=" ">
    <marc:subfield code="9">INIS</marc:subfield>
    <marc:subfield code="a">minutes-living-radioisotopes</marc:subfield>
  </marc:datafield>
  <marc:datafield tag="695" ind1=" " ind2=" ">
    <marc:subfield code="9">INIS</marc:subfield>
    <marc:subfield code="a">nuclei-</marc:subfield>
  </marc:datafield>
  <marc:datafield tag="695" ind1=" " ind2=" ">
    <marc:subfield code="9">INIS</marc:subfield>
    <marc:subfield code="a">odd-odd-nuclei</marc:subfield>
  </marc:datafield>
  <marc:datafield tag="695" ind1=" " ind2=" ">
    <marc:subfield code="9">INIS</marc:subfield>
    <marc:subfield code="a">radiation-sources</marc:subfield>
  </marc:datafield>
  <marc:datafield tag="695" ind1=" " ind2=" ">
    <marc:subfield code="9">INIS</marc:subfield>
    <marc:subfield code="a">radioisotopes-</marc:subfield>
  </marc:datafield>
  <marc:datafield tag="695" ind1=" " ind2=" ">
    <marc:subfield code="9">INIS</marc:subfield>
    <marc:subfield code="a">spectrophotometry-</marc:subfield>
  </marc:datafield>
  <marc:datafield tag="695" ind1=" " ind2=" ">
    <marc:subfield code="9">INIS</marc:subfield>
    <marc:subfield code="a">years-living-radioisotopes</marc:subfield>
  </marc:datafield>
  <marc:datafield tag="700" ind1=" " ind2=" ">
    <marc:subfield code="a">Fabisiak, S</marc:subfield>
  </marc:datafield>
  <marc:datafield tag="856" ind1="4" ind2=" ">
    <marc:subfield code="u">http://doc.cern.ch/archive/electronic/other/uploader/INIS/34001930.pdf</marc:subfield>
    <marc:subfield code="y">fulltext</marc:subfield>
  </marc:datafield>
  <marc:datafield tag="856" ind1="4" ind2=" ">
    <marc:subfield code="u">http://cds.cern.ch/record/748318/files/34001930.pdf</marc:subfield>
    <marc:subfield code="y">fulltext</marc:subfield>
  </marc:datafield>
  <marc:datafield tag="916" ind1=" " ind2=" ">
    <marc:subfield code="s">n</marc:subfield>
    <marc:subfield code="w">200426</marc:subfield>
  </marc:datafield>
  <marc:datafield tag="960" ind1=" " ind2=" ">
    <marc:subfield code="a">11</marc:subfield>
  </marc:datafield>
  <marc:datafield tag="961" ind1=" " ind2=" ">
    <marc:subfield code="c">20060809</marc:subfield>
    <marc:subfield code="h">1014</marc:subfield>
    <marc:subfield code="l">CER01</marc:subfield>
    <marc:subfield code="x">20040629</marc:subfield>
  </marc:datafield>
  <marc:datafield tag="963" ind1=" " ind2=" ">
    <marc:subfield code="a">PUBLIC</marc:subfield>
  </marc:datafield>
  <marc:datafield tag="970" ind1=" " ind2=" ">
    <marc:subfield code="a">002459683CER</marc:subfield>
  </marc:datafield>
  <marc:datafield tag="980" ind1=" " ind2=" ">
    <marc:subfield code="a">PREPRINT</marc:subfield>
  </marc:datafield>
</marc:record>
</metadata></record>