<record><header><identifier>oai:cds.cern.ch:748347</identifier><datestamp>2014-02-19T03:13:41Z</datestamp><setSpec>cerncds:FULLTEXT</setSpec></header><metadata><marc:record xmlns:marc="http://www.loc.gov/MARC21/slim" xmlns:xsi="http://www.w3.org/2001/XMLSchema-instance" xsi:schemaLocation="http://www.loc.gov/MARC21/slim http://www.loc.gov/standards/marcxml/schema/MARC21slim.xsd" type="Bibliographic">
     <marc:leader>00000coc  2200000uu 4500</marc:leader>
  <marc:controlfield tag="001">748347</marc:controlfield>
  <marc:controlfield tag="003">SzGeCERN</marc:controlfield>
  <marc:controlfield tag="005">20150211065050.0</marc:controlfield>
  <marc:datafield tag="024" ind1="8" ind2=" ">
    <marc:subfield code="a">oai:cds.cern.ch:748347</marc:subfield>
    <marc:subfield code="p">cerncds:FULLTEXT</marc:subfield>
  </marc:datafield>
  <marc:datafield tag="035" ind1=" " ind2=" ">
    <marc:subfield code="9">SPIRES</marc:subfield>
    <marc:subfield code="a">5916275</marc:subfield>
  </marc:datafield>
  <marc:datafield tag="035" ind1=" " ind2=" ">
    <marc:subfield code="a">oai:arXiv.org:hep-th/0406258</marc:subfield>
    <marc:subfield code="u">http://export.arxiv.org/oai2</marc:subfield>
    <marc:subfield code="d">2014-02-19</marc:subfield>
    <marc:subfield code="h">2014-02-19T03:02:33Z</marc:subfield>
    <marc:subfield code="m">arXiv</marc:subfield>
    <marc:subfield code="t">true</marc:subfield>
    <marc:subfield code="9">arXiv</marc:subfield>
  </marc:datafield>
  <marc:datafield tag="035" ind1=" " ind2=" ">
    <marc:subfield code="9">Inspire</marc:subfield>
    <marc:subfield code="a">653374</marc:subfield>
  </marc:datafield>
  <marc:datafield tag="037" ind1=" " ind2=" ">
    <marc:subfield code="a">hep-th/0406258</marc:subfield>
  </marc:datafield>
  <marc:datafield tag="041" ind1=" " ind2=" ">
    <marc:subfield code="a">eng</marc:subfield>
  </marc:datafield>
  <marc:datafield tag="088" ind1=" " ind2=" ">
    <marc:subfield code="a">UOA-NPPS-2004-07</marc:subfield>
  </marc:datafield>
  <marc:datafield tag="100" ind1=" " ind2=" ">
    <marc:subfield code="a">Kokorelis, C E</marc:subfield>
  </marc:datafield>
  <marc:datafield tag="245" ind1=" " ind2=" ">
    <marc:subfield code="a">N=1 Supersymmetric Standard Models with No Massless Exotics from Intersecting Branes</marc:subfield>
  </marc:datafield>
  <marc:datafield tag="260" ind1=" " ind2=" ">
    <marc:subfield code="c">2004</marc:subfield>
  </marc:datafield>
  <marc:datafield tag="269" ind1=" " ind2=" ">
    <marc:subfield code="c">29 Jun 2004</marc:subfield>
  </marc:datafield>
  <marc:datafield tag="300" ind1=" " ind2=" ">
    <marc:subfield code="a">34 p</marc:subfield>
  </marc:datafield>
  <marc:datafield tag="500" ind1=" " ind2=" ">
    <marc:subfield code="a">Comments: 60 pages, LaTex; D-brane models are non-susy. Non-susy models with sin^2 \theta =3/8 are also accommodated and split susy models are investigated, V4 sections 8(ABB lattice), 10(non-susy unification of gauge couplings) added</marc:subfield>
  </marc:datafield>
  <marc:datafield tag="520" ind1=" " ind2=" ">
    <marc:subfield code="a">We construct the first examples of four dimensional three generation N=1 supersymmetric $SU(3)_c \otimes SU(2)_L \otimes U(1)_Y$ intersecting D6-brane models, with the spectrum of the N=1 supersymmetric SM, where all exotic multiplets are massive. These models are based on orientifolds of ${\bf T^6/(Z_3 \times Z_3)}$ compactifications of IIA theory. All complex structure moduli are fixed naturally by the orbifold symmetry. Examining the simplest choices with three/four/five stacks of D6-branes at the string scale, we derive high scale N=1 supersymmetric four and five stack vacua with exactly the massless spectrum of the N=1 Standard Model. The full spectrum of the three generation models accommodates right handed neutrinos, three pairs of MSSM Higgs multiplets, three vector colour triplet exotics and some gauge singlets. Baryon number is not gauged but as the string scale is geometrically close to the Planck scale proton stability and a solution to the gauge hierarchy problem is guaranteed. We also find three stack vacua with the chiral spectrum of the SM N=1 supersymmetrized, but without N=1 massless Higgs hypermultiplets. We point out that in the four $&amp;$ five stack constructions, we find different N=1 Standard Model models, in which always there is no tree level mass term for the up-quarks. A superpotential $\mu$-term is always present.</marc:subfield>
  </marc:datafield>
  <marc:datafield tag="595" ind1=" " ind2=" ">
    <marc:subfield code="a">LANL EDS</marc:subfield>
  </marc:datafield>
  <marc:datafield tag="650" ind1="1" ind2="7">
    <marc:subfield code="2">SzGeCERN</marc:subfield>
    <marc:subfield code="a">Particle Physics - Theory</marc:subfield>
  </marc:datafield>
  <marc:datafield tag="650" ind1="2" ind2="7">
    <marc:subfield code="a">Particle Physics - Phenomenology</marc:subfield>
    <marc:subfield code="2">arXiv</marc:subfield>
  </marc:datafield>
  <marc:datafield tag="690" ind1="C" ind2=" ">
    <marc:subfield code="a">PREPRINT</marc:subfield>
  </marc:datafield>
  <marc:datafield tag="695" ind1=" " ind2=" ">
    <marc:subfield code="9">LANL EDS</marc:subfield>
    <marc:subfield code="a">High Energy Physics - Theory</marc:subfield>
  </marc:datafield>
  <marc:datafield tag="720" ind1=" " ind2=" ">
    <marc:subfield code="a">Kokorelis, Christos</marc:subfield>
  </marc:datafield>
  <marc:datafield tag="856" ind1="4" ind2=" ">
    <marc:subfield code="u">http://documents.cern.ch/cgi-bin/setlink?base=preprint&amp;categ=hep-th&amp;id=0406258</marc:subfield>
    <marc:subfield code="y">Access to fulltext document</marc:subfield>
  </marc:datafield>
  <marc:datafield tag="856" ind1="4" ind2=" ">
    <marc:subfield code="u">http://cds.cern.ch/record/748347/files/0406258.pdf</marc:subfield>
    <marc:subfield code="y">Access to fulltext document</marc:subfield>
  </marc:datafield>
  <marc:datafield tag="916" ind1=" " ind2=" ">
    <marc:subfield code="s">n</marc:subfield>
    <marc:subfield code="w">200427</marc:subfield>
  </marc:datafield>
  <marc:datafield tag="960" ind1=" " ind2=" ">
    <marc:subfield code="a">11</marc:subfield>
  </marc:datafield>
  <marc:datafield tag="961" ind1=" " ind2=" ">
    <marc:subfield code="c">20100417</marc:subfield>
    <marc:subfield code="h">1137</marc:subfield>
    <marc:subfield code="l">CER01</marc:subfield>
    <marc:subfield code="x">20040630</marc:subfield>
  </marc:datafield>
  <marc:datafield tag="963" ind1=" " ind2=" ">
    <marc:subfield code="a">PUBLIC</marc:subfield>
  </marc:datafield>
  <marc:datafield tag="970" ind1=" " ind2=" ">
    <marc:subfield code="a">002459699CER</marc:subfield>
  </marc:datafield>
  <marc:datafield tag="980" ind1=" " ind2=" ">
    <marc:subfield code="a">PREPRINT</marc:subfield>
  </marc:datafield>
</marc:record>
</metadata><about><provenance xmlns="http://www.openarchives.org/OAI/2.0/provenance" xmlns:xsi="http://www.w3.org/2001/XMLSchema-instance" xsi:schemaLocation="http://www.openarchives.org/OAI/2.0/provenance http://www.openarchives.org/OAI/2.0/provenance.xsd"><originDescription harvestDate="2014-02-19T03:02:33Z" altered="true"><baseURL>http://export.arxiv.org/oai2</baseURL><identifier>oai:arXiv.org:hep-th/0406258</identifier><datestamp>2014-02-19</datestamp><metadataNamespace>arXiv</metadataNamespace></originDescription></provenance></about></record>