<record><header><identifier>oai:cds.cern.ch:748366</identifier><datestamp>2010-04-18T05:00:45Z</datestamp><setSpec>cerncds:FULLTEXT</setSpec></header><metadata><marc:record xmlns:marc="http://www.loc.gov/MARC21/slim" xmlns:xsi="http://www.w3.org/2001/XMLSchema-instance" xsi:schemaLocation="http://www.loc.gov/MARC21/slim http://www.loc.gov/standards/marcxml/schema/MARC21slim.xsd" type="Bibliographic">
     <marc:leader>00000coc  2200000uu 4500</marc:leader>
  <marc:controlfield tag="001">748366</marc:controlfield>
  <marc:controlfield tag="003">SzGeCERN</marc:controlfield>
  <marc:controlfield tag="005">20150211065050.0</marc:controlfield>
  <marc:datafield tag="024" ind1="8" ind2=" ">
    <marc:subfield code="a">oai:cds.cern.ch:748366</marc:subfield>
    <marc:subfield code="p">cerncds:FULLTEXT</marc:subfield>
  </marc:datafield>
  <marc:datafield tag="035" ind1=" " ind2=" ">
    <marc:subfield code="9">SPIRES</marc:subfield>
    <marc:subfield code="a">5916178</marc:subfield>
  </marc:datafield>
  <marc:datafield tag="035" ind1=" " ind2=" ">
    <marc:subfield code="9">Inspire</marc:subfield>
    <marc:subfield code="a">653364</marc:subfield>
  </marc:datafield>
  <marc:datafield tag="037" ind1=" " ind2=" ">
    <marc:subfield code="a">hep-ph/0406320</marc:subfield>
  </marc:datafield>
  <marc:datafield tag="041" ind1=" " ind2=" ">
    <marc:subfield code="a">eng</marc:subfield>
  </marc:datafield>
  <marc:datafield tag="100" ind1=" " ind2=" ">
    <marc:subfield code="a">Anisovich, A V</marc:subfield>
  </marc:datafield>
  <marc:datafield tag="245" ind1=" " ind2=" ">
    <marc:subfield code="a">Determination of quark-antiquark component of the photon wave function for u, d, s quarks</marc:subfield>
  </marc:datafield>
  <marc:datafield tag="260" ind1=" " ind2=" ">
    <marc:subfield code="c">2004</marc:subfield>
  </marc:datafield>
  <marc:datafield tag="269" ind1=" " ind2=" ">
    <marc:subfield code="c">2004</marc:subfield>
  </marc:datafield>
  <marc:datafield tag="300" ind1=" " ind2=" ">
    <marc:subfield code="a">mult. p</marc:subfield>
  </marc:datafield>
  <marc:datafield tag="520" ind1=" " ind2=" ">
    <marc:subfield code="a">Based on the data for the transitions pi0, eta, eta' -&gt; gamma gamma^*(Q^2) and reactions of the e^+ e^- -annihilations, e^+ e^- -&gt; rho0, omega, phi and e^+ e^--&gt; hadrons at 1&lt;E_{e^+e^-}&lt;3.7 GeV, we determine the light-quark components of the photon wave function gamma^*(Q^2) -&gt; q anti-q (q= u, d, s) for the region 0&lt; Q^2 &lt;1 (GeV/c)^2.</marc:subfield>
  </marc:datafield>
  <marc:datafield tag="595" ind1=" " ind2=" ">
    <marc:subfield code="a">LANL EDS</marc:subfield>
  </marc:datafield>
  <marc:datafield tag="650" ind1="1" ind2="7">
    <marc:subfield code="2">SzGeCERN</marc:subfield>
    <marc:subfield code="a">Particle Physics - Phenomenology</marc:subfield>
  </marc:datafield>
  <marc:datafield tag="690" ind1="C" ind2=" ">
    <marc:subfield code="a">PREPRINT</marc:subfield>
  </marc:datafield>
  <marc:datafield tag="695" ind1=" " ind2=" ">
    <marc:subfield code="9">LANL EDS</marc:subfield>
    <marc:subfield code="a">High Energy Physics - Phenomenology</marc:subfield>
  </marc:datafield>
  <marc:datafield tag="700" ind1=" " ind2=" ">
    <marc:subfield code="a">Anisovich, V V</marc:subfield>
  </marc:datafield>
  <marc:datafield tag="700" ind1=" " ind2=" ">
    <marc:subfield code="a">Dakhno, L G</marc:subfield>
  </marc:datafield>
  <marc:datafield tag="700" ind1=" " ind2=" ">
    <marc:subfield code="a">Nikonov, V A</marc:subfield>
  </marc:datafield>
  <marc:datafield tag="700" ind1=" " ind2=" ">
    <marc:subfield code="a">Sarantsev, A V</marc:subfield>
  </marc:datafield>
  <marc:datafield tag="856" ind1="4" ind2=" ">
    <marc:subfield code="u">http://documents.cern.ch/cgi-bin/setlink?base=preprint&amp;categ=hep-ph&amp;id=0406320</marc:subfield>
    <marc:subfield code="y">Access to fulltext document</marc:subfield>
  </marc:datafield>
  <marc:datafield tag="856" ind1="4" ind2=" ">
    <marc:subfield code="u">http://cds.cern.ch/record/748366/files/0406320.pdf</marc:subfield>
    <marc:subfield code="y">Access to fulltext document</marc:subfield>
  </marc:datafield>
  <marc:datafield tag="916" ind1=" " ind2=" ">
    <marc:subfield code="s">n</marc:subfield>
    <marc:subfield code="w">200427</marc:subfield>
  </marc:datafield>
  <marc:datafield tag="960" ind1=" " ind2=" ">
    <marc:subfield code="a">11</marc:subfield>
  </marc:datafield>
  <marc:datafield tag="961" ind1=" " ind2=" ">
    <marc:subfield code="c">20100417</marc:subfield>
    <marc:subfield code="h">1137</marc:subfield>
    <marc:subfield code="l">CER01</marc:subfield>
    <marc:subfield code="x">20040630</marc:subfield>
  </marc:datafield>
  <marc:datafield tag="963" ind1=" " ind2=" ">
    <marc:subfield code="a">PUBLIC</marc:subfield>
  </marc:datafield>
  <marc:datafield tag="970" ind1=" " ind2=" ">
    <marc:subfield code="a">002459718CER</marc:subfield>
  </marc:datafield>
  <marc:datafield tag="980" ind1=" " ind2=" ">
    <marc:subfield code="a">PREPRINT</marc:subfield>
  </marc:datafield>
</marc:record>
</metadata></record>