<record><header><identifier>oai:cds.cern.ch:748371</identifier><datestamp>2010-04-18T05:00:45Z</datestamp><setSpec>cerncds:FULLTEXT</setSpec></header><metadata><marc:record xmlns:marc="http://www.loc.gov/MARC21/slim" xmlns:xsi="http://www.w3.org/2001/XMLSchema-instance" xsi:schemaLocation="http://www.loc.gov/MARC21/slim http://www.loc.gov/standards/marcxml/schema/MARC21slim.xsd" type="Bibliographic">
     <marc:leader>00000coc  2200000uu 4500</marc:leader>
  <marc:controlfield tag="001">748371</marc:controlfield>
  <marc:controlfield tag="003">SzGeCERN</marc:controlfield>
  <marc:controlfield tag="005">20150211065050.0</marc:controlfield>
  <marc:datafield tag="024" ind1="8" ind2=" ">
    <marc:subfield code="a">oai:cds.cern.ch:748371</marc:subfield>
    <marc:subfield code="p">cerncds:FULLTEXT</marc:subfield>
  </marc:datafield>
  <marc:datafield tag="035" ind1=" " ind2=" ">
    <marc:subfield code="9">SPIRES</marc:subfield>
    <marc:subfield code="a">5916224</marc:subfield>
  </marc:datafield>
  <marc:datafield tag="035" ind1=" " ind2=" ">
    <marc:subfield code="9">Inspire</marc:subfield>
    <marc:subfield code="a">653369</marc:subfield>
  </marc:datafield>
  <marc:datafield tag="037" ind1=" " ind2=" ">
    <marc:subfield code="a">hep-ph/0406325</marc:subfield>
  </marc:datafield>
  <marc:datafield tag="041" ind1=" " ind2=" ">
    <marc:subfield code="a">eng</marc:subfield>
  </marc:datafield>
  <marc:datafield tag="088" ind1=" " ind2=" ">
    <marc:subfield code="a">SLAC-PUB-10506</marc:subfield>
  </marc:datafield>
  <marc:datafield tag="088" ind1=" " ind2=" ">
    <marc:subfield code="a">SMUHEP-2003-13</marc:subfield>
  </marc:datafield>
  <marc:datafield tag="088" ind1=" " ind2=" ">
    <marc:subfield code="a">UMN-D-2004-1</marc:subfield>
  </marc:datafield>
  <marc:datafield tag="100" ind1=" " ind2=" ">
    <marc:subfield code="a">Brodsky, S J</marc:subfield>
  </marc:datafield>
  <marc:datafield tag="245" ind1=" " ind2=" ">
    <marc:subfield code="a">A nonperturbative calculation of the electron's magnetic moment</marc:subfield>
  </marc:datafield>
  <marc:datafield tag="260" ind1=" " ind2=" ">
    <marc:subfield code="c">2004</marc:subfield>
  </marc:datafield>
  <marc:datafield tag="269" ind1=" " ind2=" ">
    <marc:subfield code="a">Stanford, CA</marc:subfield>
    <marc:subfield code="b">SLAC</marc:subfield>
    <marc:subfield code="c">29 Jun 2004</marc:subfield>
  </marc:datafield>
  <marc:datafield tag="300" ind1=" " ind2=" ">
    <marc:subfield code="a">35 p</marc:subfield>
  </marc:datafield>
  <marc:datafield tag="520" ind1=" " ind2=" ">
    <marc:subfield code="a">In principle, the complete spectrum and bound-state wave functions of a quantum field theory can be determined by finding the eigenvalues and eigensolutions of its light-cone Hamiltonian. One of the challenges in obtaining nonperturbative solutions for gauge theories such as QCD using light-cone Hamiltonian methods is to renormalize the theory while preserving Lorentz symmetries and gauge invariance. For example, the truncation of the light-cone Fock space leads to uncompensated ultraviolet divergences. We present two methods for consistently regularizing light-cone-quantized gauge theories in Feynman and light-cone gauges: (1) the introduction of a spectrum of Pauli-Villars fields which produces a finite theory while preserving Lorentz invariance; (2) the augmentation of the gauge-theory Lagrangian with higher derivatives. In the latter case, which is applicable to light-cone gauge (A^+ = 0), the A^- component of the gauge field is maintained as an independent degree of freedom rather than a constraint. Finite-mass Pauli-Villars regulators can also be used to compensate for neglected higher Fock states. As a test case, we apply these regularization procedures to an approximate nonperturbative computation of the anomalous magnetic moment of the electron in QED as a first attempt to meet Feynman's famous challenge.</marc:subfield>
  </marc:datafield>
  <marc:datafield tag="595" ind1=" " ind2=" ">
    <marc:subfield code="a">LANL EDS</marc:subfield>
  </marc:datafield>
  <marc:datafield tag="595" ind1=" " ind2=" ">
    <marc:subfield code="a">SIS LANLPUBL2005</marc:subfield>
  </marc:datafield>
  <marc:datafield tag="595" ind1=" " ind2=" ">
    <marc:subfield code="a">SIS:2005 PR/LKR added</marc:subfield>
  </marc:datafield>
  <marc:datafield tag="650" ind1="1" ind2="7">
    <marc:subfield code="2">SzGeCERN</marc:subfield>
    <marc:subfield code="a">Particle Physics - Phenomenology</marc:subfield>
  </marc:datafield>
  <marc:datafield tag="690" ind1="C" ind2=" ">
    <marc:subfield code="a">ARTICLE</marc:subfield>
  </marc:datafield>
  <marc:datafield tag="695" ind1=" " ind2=" ">
    <marc:subfield code="9">LANL EDS</marc:subfield>
    <marc:subfield code="a">High Energy Physics - Phenomenology</marc:subfield>
  </marc:datafield>
  <marc:datafield tag="700" ind1=" " ind2=" ">
    <marc:subfield code="a">Franke, V A</marc:subfield>
  </marc:datafield>
  <marc:datafield tag="700" ind1=" " ind2=" ">
    <marc:subfield code="a">Hiller, J R</marc:subfield>
  </marc:datafield>
  <marc:datafield tag="700" ind1=" " ind2=" ">
    <marc:subfield code="a">McCartor, G</marc:subfield>
  </marc:datafield>
  <marc:datafield tag="700" ind1=" " ind2=" ">
    <marc:subfield code="a">Paston, S A</marc:subfield>
  </marc:datafield>
  <marc:datafield tag="700" ind1=" " ind2=" ">
    <marc:subfield code="a">Prokhvatilov, E V</marc:subfield>
  </marc:datafield>
  <marc:datafield tag="773" ind1=" " ind2=" ">
    <marc:subfield code="c">333-362</marc:subfield>
    <marc:subfield code="p">Nucl. Phys. B</marc:subfield>
    <marc:subfield code="v">703</marc:subfield>
    <marc:subfield code="y">2004</marc:subfield>
  </marc:datafield>
  <marc:datafield tag="856" ind1="4" ind2=" ">
    <marc:subfield code="u">http://documents.cern.ch/cgi-bin/setlink?base=preprint&amp;categ=hep-ph&amp;id=0406325</marc:subfield>
    <marc:subfield code="y">Access to fulltext document</marc:subfield>
  </marc:datafield>
  <marc:datafield tag="856" ind1="4" ind2=" ">
    <marc:subfield code="u">http://cds.cern.ch/record/748371/files/0406325.pdf</marc:subfield>
    <marc:subfield code="y">Access to fulltext document</marc:subfield>
  </marc:datafield>
  <marc:datafield tag="916" ind1=" " ind2=" ">
    <marc:subfield code="s">n</marc:subfield>
    <marc:subfield code="w">200427</marc:subfield>
  </marc:datafield>
  <marc:datafield tag="960" ind1=" " ind2=" ">
    <marc:subfield code="a">13</marc:subfield>
  </marc:datafield>
  <marc:datafield tag="961" ind1=" " ind2=" ">
    <marc:subfield code="c">20100417</marc:subfield>
    <marc:subfield code="h">1137</marc:subfield>
    <marc:subfield code="l">CER01</marc:subfield>
    <marc:subfield code="x">20040630</marc:subfield>
  </marc:datafield>
  <marc:datafield tag="963" ind1=" " ind2=" ">
    <marc:subfield code="a">PUBLIC</marc:subfield>
  </marc:datafield>
  <marc:datafield tag="970" ind1=" " ind2=" ">
    <marc:subfield code="a">002459723CER</marc:subfield>
  </marc:datafield>
  <marc:datafield tag="980" ind1=" " ind2=" ">
    <marc:subfield code="a">ARTICLE</marc:subfield>
  </marc:datafield>
</marc:record>
</metadata></record>