<record><header><identifier>oai:cds.cern.ch:748381</identifier><datestamp>2010-04-18T05:00:48Z</datestamp><setSpec>cerncds:FULLTEXT</setSpec></header><metadata><marc:record xmlns:marc="http://www.loc.gov/MARC21/slim" xmlns:xsi="http://www.w3.org/2001/XMLSchema-instance" xsi:schemaLocation="http://www.loc.gov/MARC21/slim http://www.loc.gov/standards/marcxml/schema/MARC21slim.xsd" type="Bibliographic">
     <marc:leader>00000coc  2200000uu 4500</marc:leader>
  <marc:controlfield tag="001">748381</marc:controlfield>
  <marc:controlfield tag="003">SzGeCERN</marc:controlfield>
  <marc:controlfield tag="005">20150211065047.0</marc:controlfield>
  <marc:datafield tag="024" ind1="8" ind2=" ">
    <marc:subfield code="a">oai:cds.cern.ch:748381</marc:subfield>
    <marc:subfield code="p">cerncds:FULLTEXT</marc:subfield>
  </marc:datafield>
  <marc:datafield tag="035" ind1=" " ind2=" ">
    <marc:subfield code="9">SPIRES</marc:subfield>
    <marc:subfield code="a">5915708</marc:subfield>
  </marc:datafield>
  <marc:datafield tag="035" ind1=" " ind2=" ">
    <marc:subfield code="9">Inspire</marc:subfield>
    <marc:subfield code="a">653317</marc:subfield>
  </marc:datafield>
  <marc:datafield tag="037" ind1=" " ind2=" ">
    <marc:subfield code="a">astro-ph/0406631</marc:subfield>
  </marc:datafield>
  <marc:datafield tag="041" ind1=" " ind2=" ">
    <marc:subfield code="a">eng</marc:subfield>
  </marc:datafield>
  <marc:datafield tag="100" ind1=" " ind2=" ">
    <marc:subfield code="a">Moret-Bailly, J</marc:subfield>
  </marc:datafield>
  <marc:datafield tag="245" ind1=" " ind2=" ">
    <marc:subfield code="a">The accreting neutron stars are quasars, and the universe does not expand</marc:subfield>
  </marc:datafield>
  <marc:datafield tag="260" ind1=" " ind2=" ">
    <marc:subfield code="c">2004</marc:subfield>
  </marc:datafield>
  <marc:datafield tag="269" ind1=" " ind2=" ">
    <marc:subfield code="c">2004</marc:subfield>
  </marc:datafield>
  <marc:datafield tag="300" ind1=" " ind2=" ">
    <marc:subfield code="a">mult. p</marc:subfield>
  </marc:datafield>
  <marc:datafield tag="520" ind1=" " ind2=" ">
    <marc:subfield code="a">The reliable theory of the evolution of heavy stars predicts the existence of a type of neutron stars which accrete a cloud of dirty hydrogen (accretors). Although they are very small (some hundreds of kilometres), the accretors should be easily observable because the accretion raises the surface temperature over 1 000 000 K, but they are never detected. The reason of this failure is a misunderstanding of the spectroscopy of hydrogen crossed by a powerful beam of short wavelengths light. Except very close to the surface, hydrogen is mostly heated by a Lyman absorption improved by a parametric frequency shift due to excited atomic hydrogen, so that this absorption stabilises the temperature between the limits of ionisation and dimerisation. A powerful radio emission may produce an extra ionisation where the pressure is convenient. The combination of Lyman absorptions and redshifts produces an instability which chains Lyman absorption patterns : when a redshifted Lyman absorbed line coincides with a Lyman line, all absorption lines of the gas are written into the spectrum. Thus all characteristics of the complex spectrum of a quasar are generated, so that observed accretors are named quasars, and the origin of the intrinsic redshifts is found. The lack of redshifts of the variations of luminosity of stars and quasars shows that the "cosmological redshifts" result from the parametric frequency shift, so that the universe does not expand.</marc:subfield>
  </marc:datafield>
  <marc:datafield tag="595" ind1=" " ind2=" ">
    <marc:subfield code="a">LANL EDS</marc:subfield>
  </marc:datafield>
  <marc:datafield tag="650" ind1="1" ind2="7">
    <marc:subfield code="2">SzGeCERN</marc:subfield>
    <marc:subfield code="a">Astrophysics and Astronomy</marc:subfield>
  </marc:datafield>
  <marc:datafield tag="690" ind1="C" ind2=" ">
    <marc:subfield code="a">PREPRINT</marc:subfield>
  </marc:datafield>
  <marc:datafield tag="695" ind1=" " ind2=" ">
    <marc:subfield code="9">LANL EDS</marc:subfield>
    <marc:subfield code="a">Astrophysics</marc:subfield>
  </marc:datafield>
  <marc:datafield tag="720" ind1=" " ind2=" ">
    <marc:subfield code="a">Moret-Bailly, Jacques</marc:subfield>
  </marc:datafield>
  <marc:datafield tag="856" ind1="4" ind2=" ">
    <marc:subfield code="u">http://documents.cern.ch/cgi-bin/setlink?base=preprint&amp;categ=astro-ph&amp;id=0406631</marc:subfield>
    <marc:subfield code="y">Access to fulltext document</marc:subfield>
  </marc:datafield>
  <marc:datafield tag="856" ind1="4" ind2=" ">
    <marc:subfield code="u">http://cds.cern.ch/record/748381/files/0406631.pdf</marc:subfield>
    <marc:subfield code="y">Access to fulltext document</marc:subfield>
  </marc:datafield>
  <marc:datafield tag="916" ind1=" " ind2=" ">
    <marc:subfield code="s">n</marc:subfield>
    <marc:subfield code="w">200427</marc:subfield>
  </marc:datafield>
  <marc:datafield tag="960" ind1=" " ind2=" ">
    <marc:subfield code="a">10</marc:subfield>
  </marc:datafield>
  <marc:datafield tag="961" ind1=" " ind2=" ">
    <marc:subfield code="c">20100417</marc:subfield>
    <marc:subfield code="h">1137</marc:subfield>
    <marc:subfield code="l">CER01</marc:subfield>
    <marc:subfield code="x">20040630</marc:subfield>
  </marc:datafield>
  <marc:datafield tag="963" ind1=" " ind2=" ">
    <marc:subfield code="a">PUBLIC</marc:subfield>
  </marc:datafield>
  <marc:datafield tag="970" ind1=" " ind2=" ">
    <marc:subfield code="a">002459733CER</marc:subfield>
  </marc:datafield>
  <marc:datafield tag="980" ind1=" " ind2=" ">
    <marc:subfield code="a">PREPRINT</marc:subfield>
  </marc:datafield>
</marc:record>
</metadata></record>