<record><header><identifier>oai:cds.cern.ch:748397</identifier><datestamp>2015-06-26T15:12:38Z</datestamp><setSpec>cerncds:FULLTEXT</setSpec></header><metadata><marc:record xmlns:marc="http://www.loc.gov/MARC21/slim" xmlns:xsi="http://www.w3.org/2001/XMLSchema-instance" xsi:schemaLocation="http://www.loc.gov/MARC21/slim http://www.loc.gov/standards/marcxml/schema/MARC21slim.xsd" type="Bibliographic">
     <marc:leader>00000coc  2200000uu 4500</marc:leader>
  <marc:controlfield tag="001">748397</marc:controlfield>
  <marc:controlfield tag="003">SzGeCERN</marc:controlfield>
  <marc:controlfield tag="005">20150626171238.0</marc:controlfield>
  <marc:datafield tag="024" ind1="8" ind2=" ">
    <marc:subfield code="a">oai:cds.cern.ch:748397</marc:subfield>
    <marc:subfield code="p">cerncds:FULLTEXT</marc:subfield>
  </marc:datafield>
  <marc:datafield tag="024" ind1="7" ind2=" ">
    <marc:subfield code="2">DOI</marc:subfield>
    <marc:subfield code="a">10.1093/pasj/56.3.439</marc:subfield>
  </marc:datafield>
  <marc:datafield tag="035" ind1=" " ind2=" ">
    <marc:subfield code="9">SPIRES</marc:subfield>
    <marc:subfield code="a">5915864</marc:subfield>
  </marc:datafield>
  <marc:datafield tag="035" ind1=" " ind2=" ">
    <marc:subfield code="9">Inspire</marc:subfield>
    <marc:subfield code="a">653333</marc:subfield>
  </marc:datafield>
  <marc:datafield tag="035" ind1=" " ind2=" ">
    <marc:subfield code="a">oai:arXiv.org:astro-ph/0406647</marc:subfield>
    <marc:subfield code="u">http://export.arxiv.org/oai2</marc:subfield>
    <marc:subfield code="d">2015-06-24</marc:subfield>
    <marc:subfield code="h">2015-06-26T08:46:02Z</marc:subfield>
    <marc:subfield code="m"/>
    <marc:subfield code="t">false</marc:subfield>
    <marc:subfield code="9">arXiv</marc:subfield>
  </marc:datafield>
  <marc:datafield tag="037" ind1=" " ind2=" ">
    <marc:subfield code="a">astro-ph/0406647</marc:subfield>
  </marc:datafield>
  <marc:datafield tag="041" ind1=" " ind2=" ">
    <marc:subfield code="a">eng</marc:subfield>
  </marc:datafield>
  <marc:datafield tag="100" ind1=" " ind2=" ">
    <marc:subfield code="a">Onodera, S</marc:subfield>
  </marc:datafield>
  <marc:datafield tag="245" ind1=" " ind2=" ">
    <marc:subfield code="a">Virgo High-Resolution CO Survey IV. Spiral-Driven Gas Dynamics in the Non-Barred Seyfert Galaxy NGC 4501</marc:subfield>
  </marc:datafield>
  <marc:datafield tag="260" ind1=" " ind2=" ">
    <marc:subfield code="c">2004</marc:subfield>
  </marc:datafield>
  <marc:datafield tag="300" ind1=" " ind2=" ">
    <marc:subfield code="a">14 p</marc:subfield>
  </marc:datafield>
  <marc:datafield tag="500" ind1=" " ind2=" ">
    <marc:subfield code="a">Comments: 14 pages, 11 figures</marc:subfield>
    <marc:subfield code="9">arXiv</marc:subfield>
  </marc:datafield>
  <marc:datafield tag="520" ind1=" " ind2=" ">
    <marc:subfield code="a">We report on high-resolution interferometer observations of the 12CO(J=1-0) emission in the central 5 kpc region of the Seyfert 2 galaxy NGC 4501. The observations were made using the Nobeyama Millimeter Array during a long-term CO line survey of Virgo spirals. The major features are: (1) a nuclear concentration with a radius of r~5'' (390 pc), which is resolved into double peaks, and (2) spiral arms which extend out from the nuclear region. The nuclear component has a mass of 1.3x10^8 Mo, which corresponds to ~3.5% of the dynamical mass, and shows a slight non-circular motion. The double peaks are separated by ~4''.7. (370 pc), and located on the root of optical spiral arms in a HST image. The gas arms are associated with the spiral dust lanes, and are linked to the central double peaks. The non-circular motions along the molecular arms indicate the fact that the gas is driven by the density wave, rather than the stochastic processes. We calculated the gas cloud orbits in a stellar spiral potential, and explained the observed CO spiral arms and non-circular motions. We suggest that the central gas condensation arises from spiral-driven gas transfer. We estimated and compared the effect of two possible mechanisms of angular-momentum transfer: galactic shock, and gravitational torques. We discuss that the galactic shock is dominant.</marc:subfield>
  </marc:datafield>
  <marc:datafield tag="595" ind1=" " ind2=" ">
    <marc:subfield code="a">LANL EDS</marc:subfield>
  </marc:datafield>
  <marc:datafield tag="650" ind1="1" ind2="7">
    <marc:subfield code="2">SzGeCERN</marc:subfield>
    <marc:subfield code="a">Astrophysics and Astronomy</marc:subfield>
  </marc:datafield>
  <marc:datafield tag="690" ind1="C" ind2=" ">
    <marc:subfield code="a">ARTICLE</marc:subfield>
  </marc:datafield>
  <marc:datafield tag="695" ind1=" " ind2=" ">
    <marc:subfield code="9">LANL EDS</marc:subfield>
    <marc:subfield code="a">Astrophysics</marc:subfield>
  </marc:datafield>
  <marc:datafield tag="700" ind1=" " ind2=" ">
    <marc:subfield code="a">Koda, J</marc:subfield>
  </marc:datafield>
  <marc:datafield tag="700" ind1=" " ind2=" ">
    <marc:subfield code="a">Sofue, Y</marc:subfield>
  </marc:datafield>
  <marc:datafield tag="700" ind1=" " ind2=" ">
    <marc:subfield code="a">Kohno, K</marc:subfield>
  </marc:datafield>
  <marc:datafield tag="720" ind1=" " ind2=" ">
    <marc:subfield code="a">Onodera, Sachiko</marc:subfield>
  </marc:datafield>
  <marc:datafield tag="720" ind1=" " ind2=" ">
    <marc:subfield code="a">Koda, Jin</marc:subfield>
  </marc:datafield>
  <marc:datafield tag="720" ind1=" " ind2=" ">
    <marc:subfield code="a">Sofue, Yoshiaki</marc:subfield>
  </marc:datafield>
  <marc:datafield tag="720" ind1=" " ind2=" ">
    <marc:subfield code="a">Kohno, Kotaro</marc:subfield>
  </marc:datafield>
  <marc:datafield tag="773" ind1=" " ind2=" ">
    <marc:subfield code="c">439-452</marc:subfield>
    <marc:subfield code="p">Publ. Astron. Soc. Jpn.</marc:subfield>
    <marc:subfield code="v">56</marc:subfield>
    <marc:subfield code="y">2004</marc:subfield>
  </marc:datafield>
  <marc:datafield tag="856" ind1="4" ind2=" ">
    <marc:subfield code="u">http://documents.cern.ch/cgi-bin/setlink?base=preprint&amp;categ=astro-ph&amp;id=0406647</marc:subfield>
    <marc:subfield code="y">Access to fulltext document</marc:subfield>
  </marc:datafield>
  <marc:datafield tag="856" ind1="4" ind2=" ">
    <marc:subfield code="u">http://cds.cern.ch/record/748397/files/0406647.pdf</marc:subfield>
    <marc:subfield code="y">Access to fulltext document</marc:subfield>
  </marc:datafield>
  <marc:datafield tag="916" ind1=" " ind2=" ">
    <marc:subfield code="s">n</marc:subfield>
    <marc:subfield code="w">200427</marc:subfield>
  </marc:datafield>
  <marc:datafield tag="960" ind1=" " ind2=" ">
    <marc:subfield code="a">13</marc:subfield>
  </marc:datafield>
  <marc:datafield tag="961" ind1=" " ind2=" ">
    <marc:subfield code="c">20100417</marc:subfield>
    <marc:subfield code="h">1137</marc:subfield>
    <marc:subfield code="l">CER01</marc:subfield>
    <marc:subfield code="x">20040630</marc:subfield>
  </marc:datafield>
  <marc:datafield tag="963" ind1=" " ind2=" ">
    <marc:subfield code="a">PUBLIC</marc:subfield>
  </marc:datafield>
  <marc:datafield tag="970" ind1=" " ind2=" ">
    <marc:subfield code="a">002459749CER</marc:subfield>
  </marc:datafield>
  <marc:datafield tag="980" ind1=" " ind2=" ">
    <marc:subfield code="a">ARTICLE</marc:subfield>
  </marc:datafield>
</marc:record>
</metadata><about><provenance xmlns="http://www.openarchives.org/OAI/2.0/provenance" xmlns:xsi="http://www.w3.org/2001/XMLSchema-instance" xsi:schemaLocation="http://www.openarchives.org/OAI/2.0/provenance http://www.openarchives.org/OAI/2.0/provenance.xsd"><originDescription harvestDate="2015-06-26T08:46:02Z" altered="false"><baseURL>http://export.arxiv.org/oai2</baseURL><identifier>oai:arXiv.org:astro-ph/0406647</identifier><datestamp>2015-06-24</datestamp><metadataNamespace/></originDescription></provenance></about></record>