<record><header><identifier>oai:cds.cern.ch:748527</identifier><datestamp>2009-07-13T04:11:12Z</datestamp><setSpec>cerncds:FULLTEXT</setSpec></header><metadata><marc:record xmlns:marc="http://www.loc.gov/MARC21/slim" xmlns:xsi="http://www.w3.org/2001/XMLSchema-instance" xsi:schemaLocation="http://www.loc.gov/MARC21/slim http://www.loc.gov/standards/marcxml/schema/MARC21slim.xsd" type="Bibliographic">
     <marc:leader>00000coc  2200000uu 4500</marc:leader>
  <marc:controlfield tag="001">748527</marc:controlfield>
  <marc:controlfield tag="003">SzGeCERN</marc:controlfield>
  <marc:controlfield tag="005">20121219060500.0</marc:controlfield>
  <marc:datafield tag="024" ind1="8" ind2=" ">
    <marc:subfield code="a">oai:cds.cern.ch:748527</marc:subfield>
    <marc:subfield code="p">cerncds:FULLTEXT</marc:subfield>
  </marc:datafield>
  <marc:datafield tag="037" ind1=" " ind2=" ">
    <marc:subfield code="a">physics/0406151</marc:subfield>
  </marc:datafield>
  <marc:datafield tag="041" ind1=" " ind2=" ">
    <marc:subfield code="a">eng</marc:subfield>
  </marc:datafield>
  <marc:datafield tag="100" ind1=" " ind2=" ">
    <marc:subfield code="a">Lewandowski, H J</marc:subfield>
  </marc:datafield>
  <marc:datafield tag="245" ind1=" " ind2=" ">
    <marc:subfield code="a">A pulsed, low-temperature beam of supersonically cooled free radical OH molecules</marc:subfield>
  </marc:datafield>
  <marc:datafield tag="260" ind1=" " ind2=" ">
    <marc:subfield code="c">2004</marc:subfield>
  </marc:datafield>
  <marc:datafield tag="269" ind1=" " ind2=" ">
    <marc:subfield code="c">2004</marc:subfield>
  </marc:datafield>
  <marc:datafield tag="300" ind1=" " ind2=" ">
    <marc:subfield code="a">mult. p</marc:subfield>
  </marc:datafield>
  <marc:datafield tag="520" ind1=" " ind2=" ">
    <marc:subfield code="a">An improved system for creating a pulsed, low-temperature molecular beam of OH radicals has been developed. We use a pulsed discharge to create OH from H$_2$O seeded in Xe during a supersonic expansion, where the high-voltage pulse duration is significantly shorter than the width of the gas pulse. The pulsed discharge allows for control of the mean speed of the molecular packet as well as maintains a low temperature supersonic expansion. A hot filament is placed in the source chamber to initiate the discharge for shorter durations and at lower voltages, resulting in a translationally and rotationally colder packet of OH molecules.</marc:subfield>
  </marc:datafield>
  <marc:datafield tag="595" ind1=" " ind2=" ">
    <marc:subfield code="a">LANL EDS</marc:subfield>
  </marc:datafield>
  <marc:datafield tag="650" ind1="1" ind2="7">
    <marc:subfield code="2">SzGeCERN</marc:subfield>
    <marc:subfield code="a">Other Fields of Physics</marc:subfield>
  </marc:datafield>
  <marc:datafield tag="690" ind1="C" ind2=" ">
    <marc:subfield code="a">PREPRINT</marc:subfield>
  </marc:datafield>
  <marc:datafield tag="695" ind1=" " ind2=" ">
    <marc:subfield code="9">LANL EDS</marc:subfield>
    <marc:subfield code="a">Atomic Physics</marc:subfield>
  </marc:datafield>
  <marc:datafield tag="695" ind1=" " ind2=" ">
    <marc:subfield code="9">LANL EDS</marc:subfield>
    <marc:subfield code="a">Chemical Physics</marc:subfield>
  </marc:datafield>
  <marc:datafield tag="695" ind1=" " ind2=" ">
    <marc:subfield code="9">LANL EDS</marc:subfield>
    <marc:subfield code="a">Physics</marc:subfield>
  </marc:datafield>
  <marc:datafield tag="700" ind1=" " ind2=" ">
    <marc:subfield code="a">Hudson, E R</marc:subfield>
  </marc:datafield>
  <marc:datafield tag="700" ind1=" " ind2=" ">
    <marc:subfield code="a">Bochinski, J R</marc:subfield>
  </marc:datafield>
  <marc:datafield tag="700" ind1=" " ind2=" ">
    <marc:subfield code="a">Ye, J</marc:subfield>
  </marc:datafield>
  <marc:datafield tag="720" ind1=" " ind2=" ">
    <marc:subfield code="a">Hudson, Eric R.</marc:subfield>
  </marc:datafield>
  <marc:datafield tag="720" ind1=" " ind2=" ">
    <marc:subfield code="a">Ye, Jun</marc:subfield>
  </marc:datafield>
  <marc:datafield tag="856" ind1="4" ind2=" ">
    <marc:subfield code="u">http://documents.cern.ch/cgi-bin/setlink?base=preprint&amp;categ=physics&amp;id=0406151</marc:subfield>
    <marc:subfield code="y">Access to fulltext document</marc:subfield>
  </marc:datafield>
  <marc:datafield tag="856" ind1="4" ind2=" ">
    <marc:subfield code="u">http://cds.cern.ch/record/748527/files/0406151.pdf</marc:subfield>
    <marc:subfield code="y">Access to fulltext document</marc:subfield>
  </marc:datafield>
  <marc:datafield tag="916" ind1=" " ind2=" ">
    <marc:subfield code="s">n</marc:subfield>
    <marc:subfield code="w">200427</marc:subfield>
  </marc:datafield>
  <marc:datafield tag="960" ind1=" " ind2=" ">
    <marc:subfield code="a">11</marc:subfield>
  </marc:datafield>
  <marc:datafield tag="961" ind1=" " ind2=" ">
    <marc:subfield code="c">20060527</marc:subfield>
    <marc:subfield code="h">0007</marc:subfield>
    <marc:subfield code="l">CER01</marc:subfield>
    <marc:subfield code="x">20040630</marc:subfield>
  </marc:datafield>
  <marc:datafield tag="963" ind1=" " ind2=" ">
    <marc:subfield code="a">PUBLIC</marc:subfield>
  </marc:datafield>
  <marc:datafield tag="970" ind1=" " ind2=" ">
    <marc:subfield code="a">002459882CER</marc:subfield>
  </marc:datafield>
  <marc:datafield tag="980" ind1=" " ind2=" ">
    <marc:subfield code="a">PREPRINT</marc:subfield>
  </marc:datafield>
</marc:record>
</metadata></record>