<record><header><identifier>oai:cds.cern.ch:749051</identifier><datestamp>2014-10-06T20:01:41Z</datestamp><setSpec>cerncds:FULLTEXT</setSpec></header><metadata><marc:record xmlns:marc="http://www.loc.gov/MARC21/slim" xmlns:xsi="http://www.w3.org/2001/XMLSchema-instance" xsi:schemaLocation="http://www.loc.gov/MARC21/slim http://www.loc.gov/standards/marcxml/schema/MARC21slim.xsd" type="Bibliographic">
     <marc:leader>00000coc  2200000uu 4500</marc:leader>
  <marc:controlfield tag="001">749051</marc:controlfield>
  <marc:controlfield tag="003">SzGeCERN</marc:controlfield>
  <marc:controlfield tag="005">20141006220141.0</marc:controlfield>
  <marc:datafield tag="024" ind1="8" ind2=" ">
    <marc:subfield code="a">oai:cds.cern.ch:749051</marc:subfield>
    <marc:subfield code="p">cerncds:FULLTEXT</marc:subfield>
  </marc:datafield>
  <marc:datafield tag="037" ind1=" " ind2=" ">
    <marc:subfield code="a">BUL-NA-2004-128</marc:subfield>
  </marc:datafield>
  <marc:datafield tag="041" ind1=" " ind2=" ">
    <marc:subfield code="a">eng</marc:subfield>
  </marc:datafield>
  <marc:datafield tag="041" ind1=" " ind2=" ">
    <marc:subfield code="a">fre</marc:subfield>
  </marc:datafield>
  <marc:datafield tag="088" ind1=" " ind2=" ">
    <marc:subfield code="a">28/2004</marc:subfield>
  </marc:datafield>
  <marc:datafield tag="245" ind1=" " ind2=" ">
    <marc:subfield code="a">LEAR is dead, long live LEIR!</marc:subfield>
  </marc:datafield>
  <marc:datafield tag="246" ind1=" " ind2="1">
    <marc:subfield code="a">Le LEAR est mort, longue vie au LEIR !</marc:subfield>
  </marc:datafield>
  <marc:datafield tag="260" ind1=" " ind2=" ">
    <marc:subfield code="c">2004</marc:subfield>
  </marc:datafield>
  <marc:datafield tag="269" ind1=" " ind2=" ">
    <marc:subfield code="c">05 Jul 2004</marc:subfield>
  </marc:datafield>
  <marc:datafield tag="500" ind1=" " ind2=" ">
    <marc:subfield code="a">Cover article</marc:subfield>
  </marc:datafield>
  <marc:datafield tag="520" ind1=" " ind2=" ">
    <marc:subfield code="a">The LEAR (Low Energy Antiproton Ring) experiment has now been dismantled. Only the dipoles remain for use in the future LEIR (Low Energy Ion Ring) experiment, the new ring which will supply lead ions to the LHC experiments.</marc:subfield>
  </marc:datafield>
  <marc:datafield tag="520" ind1=" " ind2=" ">
    <marc:subfield code="b">&lt;!--HTML--&gt;&lt;p align=justify&gt; &lt;b&gt;The LEAR (Low Energy Antiproton Ring) experiment has now been dismantled. Only the dipoles remain for use in the future LEIR (Low Energy Ion Ring) experiment, the new ring which will supply lead ions to the LHC experiments. &lt;/b&gt; &lt;/p&gt;&lt;a href='http://cdsweb.cern.ch/search?recid=740568'&gt;&lt;center&gt;&lt;img src=http://cds.cern.ch/record/749051/files/na-2004-128_0406003_01.jpg border=1&gt;&lt;/center&gt;&lt;/a&gt;&lt;br&gt;&lt;b&gt;&lt;i&gt;&lt;center&gt;LEAR, shown here dismantled, will live to see another golden era as LEIR starting in 2005.&lt;/center&gt;&lt;/i&gt;&lt;/b&gt;&lt;br&gt;&lt;p align=justify&gt; Hall 150 has seemed rather empty for the last few weeks since the dismantling of LEAR at the end of March. Apart from a small number of magnets, few components of the Low Energy Antiproton Ring remain. A series of tests carried out on the ring in 1997 were used to determine the specifications for a new machine to supply the LHC. The new machine's purpose is to deliver lead ions for ALICE (A Large Ion Collider Experiment), as well as for CMS and ATLAS. The new machine, with a circumference of 78 metres (1/8 that of the PS), is called LEIR, the Low Energy Ion Ring.&lt;br&gt; The collisions between lead nuclei which will take place inside the LHC detectors will release energies of 1148 TeV, thirty times those achieved today by the RHIC, the American ion collider. These collisions are to reproduce quark and gluon plasma, the state of matter which is thought to have existed for several billionths of a second after the creation of the Universe. Initially, the luminosity will be limited to one twentieth of the nominal value in order to reduce ion loss in the LHC, which could lead to quenches in the magnets, in other words cause them to pass from a superconducting to a conducting state.&lt;br&gt; LEIR will be one of the links in the LHC lead ion injection chain. The ions, which will be supplied by an electron cyclotron resonant source, will first be accelerated to 4.2 MeV/nucleon by the Linac 3 accelerator. A lead nucleus contains 208 nucleons, 82 protons and 126 neutrons. Once in the LEIR ring, the lead ions will be cooled and accelerated to an energy of 72.2 MeV/nucleon. The beam will then be transferred to the PS and SPS to be accelerated, before being injected into the LHC.&lt;br&gt; The work to install the new machine is to start in July 2004 and will continue until July 2005. Like the LHC, LEIR is the fruit of international collaboration, since the radiofrequency accelerating cavities are being supplied by the KEK Laboratory in Japan, the low level radiofrequency electronics have been developed at the Brookhaven Laboratory in the United States and the electron cooling system has been developed at the Nuclear Physics Institute in Novosibirsk, Russia. The ion source is being manufactured by the French Atomic Energy Commission in Grenoble, while the magnets and the diagnostic components will be recovered from LEAR.&lt;br&gt; LEIR is to come into operation in 2005 and to deliver a lead ion beam to the PS in 2006. The first test beams will be injected into the SPS in 2007. These lead ion beams should then be supplied to the LHC for one month each year from 2008 onwards. &lt;/p&gt;&lt;a href='http://cdsweb.cern.ch/search?recid=39177'&gt;&lt;center&gt;&lt;img src=http://cds.cern.ch/record/749051/files/na-2004-128_9007366.jpg border=1&gt;&lt;/center&gt;&lt;/a&gt;&lt;br&gt;&lt;b&gt;&lt;i&gt;&lt;center&gt;LEAR during its previous heyday which lasted until 1997.&lt;/center&gt;&lt;/i&gt;&lt;/b&gt;&lt;br&gt;</marc:subfield>
  </marc:datafield>
  <marc:datafield tag="590" ind1=" " ind2=" ">
    <marc:subfield code="a">Le LEAR (Low Energy Antiproton Ring) est d&amp;eacute;sormais d&amp;eacute;mont&amp;eacute;. Seuls les dip&amp;ocirc;les sont rest&amp;eacute;s en place pour le futur LEIR (Low Energy Ion Ring), le nouvel anneau qui alimentera les exp&amp;eacute;riences du LHC en ions de plomb.</marc:subfield>
  </marc:datafield>
  <marc:datafield tag="590" ind1=" " ind2=" ">
    <marc:subfield code="b">&lt;!--HTML--&gt;&lt;p align=justify&gt;&lt;b&gt;Le LEAR (Low Energy Antiproton Ring) est d&amp;eacute;sormais d&amp;eacute;mont&amp;eacute;. Seuls les dip&amp;ocirc;les sont rest&amp;eacute;s en place pour le futur LEIR (Low Energy Ion Ring), le nouvel anneau qui alimentera les exp&amp;eacute;riences du LHC en ions de plomb.&lt;/b&gt; &lt;/p&gt;&lt;a href='http://cdsweb.cern.ch/search?recid=740568'&gt;&lt;center&gt;&lt;img src=http://cds.cern.ch/record/749051/files/na-2004-128_0406003_01.jpg border=1&gt;&lt;/center&gt;&lt;/a&gt;&lt;br&gt;&lt;b&gt;&lt;i&gt;&lt;center&gt;Le LEAR dmont qui deviendra le LEIR pour une nouvelle priode glorieuse  partir de 2005.&lt;/center&gt;&lt;/i&gt;&lt;/b&gt;&lt;br&gt;&lt;p align=justify&gt; L'emplacement du LEAR dans le hall 150 parat bien vide depuis quelques semaines. A part quelques aimants, il ne reste en effet plus beaucoup de composants de l'anneau d'antiprotons de basse nergie, (Low Energy Antiproton Ring), enlevs fin mars. En 1997, une srie de tests mens sur cet anneau a permis de dterminer les besoins pour une nouvelle machine alimentant le LHC. Son objectif: fournir des ions de plomb  l'exprience ALICE (A Large Ion Collider Experiment), mais aussi  CMS et ATLAS. Cette nouvelle machine, c'est le LEIR (Low Energy Ion Ring)de78mtres de circonfrence (1/8me du PS).&lt;br&gt; Les collisions de noyaux de plomb qui se produiront au centre des d&amp;eacute;tecteurs du LHC atteindront une &amp;eacute;nergie de 1148&amp;nbsp;TeV, soit trente fois plus que dans le collisionneur d'ions am&amp;eacute;ricain RHIC aujourd'hui. Ces collisions devront recr&amp;eacute;er le plasma de quarks et de gluons, &amp;eacute;tat de la mati&amp;egrave;re qui est suppos&amp;eacute; avoir exist&amp;eacute; quelques milliardi&amp;egrave;mes de seconde apr&amp;egrave;s la cr&amp;eacute;ation de l'Univers. La luminosit&amp;eacute; sera limit&amp;eacute;e dans un premier temps &amp;agrave; 1/20&amp;egrave;me de la valeur nominale afin de limiter les pertes en ions dans le LHC. Ces pertes de faisceau risqueraient de provoquer des transitions r&amp;eacute;sistives des aimants, c'est &amp;agrave; dire de les faire passer de l'&amp;eacute;tat supraconducteur &amp;agrave; l'&amp;eacute;tat conducteur.&lt;br&gt; Le LEIR sera l'un des maillons de la cha&amp;icirc;ne d'injection du LHC en ions plomb. Les ions, issus d'une source &amp;agrave; r&amp;eacute;sonance cyclotronique (Electron Cyclotron Resonant Source), seront d'abord acc&amp;eacute;l&amp;eacute;r&amp;eacute;s &amp;agrave; 4,2&amp;nbsp;MeV/nucl&amp;eacute;on par l'acc&amp;eacute;l&amp;eacute;rateur lin&amp;eacute;aire Linac&amp;nbsp;3. Le noyau de Plomb est constitu&amp;eacute; de 208&amp;nbsp;nucl&amp;eacute;ons, 82&amp;nbsp;protons et 126&amp;nbsp;neutrons. Une fois dans l'anneau du LEIR, les ions de plomb seront refroidis et acc&amp;eacute;l&amp;eacute;r&amp;eacute;s pour atteindre une &amp;eacute;nergie de 72,2&amp;nbsp;MeV/n. Le faisceau sera ensuite transf&amp;eacute;r&amp;eacute; pour &amp;ecirc;tre acc&amp;eacute;l&amp;eacute;r&amp;eacute; au PS et au SPS avant d'&amp;ecirc;tre finalement inject&amp;eacute; dans le LHC.&lt;br&gt; L'installation de cette nouvelle machine doit commencer en juillet&amp;nbsp;2004 et se poursuivre jusqu'en juillet&amp;nbsp;2005. A l'instar du LHC, sa r&amp;eacute;alisation est le fruit d'une collaboration internationale puisque les cavit&amp;eacute;s acc&amp;eacute;l&amp;eacute;ratrices radiofr&amp;eacute;quences sont fournies par le Laboratoire KEK au Japon, l'&amp;eacute;lectronique bas niveau de la radiofr&amp;eacute;quence provient du Laboratoire de Brookhaven aux Etats-Unis et le syst&amp;egrave;me de refroidissement des &amp;eacute;lectrons de l'Institut de physique nucl&amp;eacute;aire de Novosibirsk en Russie. La source d'ions est fabriqu&amp;eacute;e quant &amp;agrave; elle par le Commissariat &amp;agrave; l'&amp;eacute;nergie atomique &amp;agrave; Grenoble. Les aimants ainsi que des &amp;eacute;l&amp;eacute;ments de diagnostic sont r&amp;eacute;cup&amp;eacute;r&amp;eacute;s du&amp;nbsp;LEAR.&lt;br&gt; Le LEIR doit entrer en service en 2005 et d&amp;eacute;livrer un faisceau d'ions de plomb au PS en 2006. Les premiers faisceaux test seront envoy&amp;eacute;s au SPS en 2007. Ces faisceaux de plomb devront alimenter le LHC un mois par an &amp;agrave; partir de 2008. &lt;/p&gt;&lt;a href='http://cdsweb.cern.ch/search?recid=39177'&gt;&lt;center&gt;&lt;img src=http://cds.cern.ch/record/749051/files/na-2004-128_9007366.jpg border=1&gt;&lt;/center&gt;&lt;/a&gt;&lt;br&gt;&lt;b&gt;&lt;i&gt;&lt;center&gt;Le LEAR au cours de sa prcdente priode glorieuse jusqu'en 1997.&lt;/center&gt;&lt;/i&gt;&lt;/b&gt;&lt;br&gt;</marc:subfield>
  </marc:datafield>
  <marc:datafield tag="595" ind1=" " ind2=" ">
    <marc:subfield code="a">CERN EDS</marc:subfield>
  </marc:datafield>
  <marc:datafield tag="650" ind1="1" ind2="7">
    <marc:subfield code="2">SzGeCERN</marc:subfield>
    <marc:subfield code="a">News Articles</marc:subfield>
  </marc:datafield>
  <marc:datafield tag="859" ind1=" " ind2=" ">
    <marc:subfield code="f">Christiane.Lefevre@cern.ch</marc:subfield>
  </marc:datafield>
  <marc:datafield tag="906" ind1=" " ind2=" ">
    <marc:subfield code="m">Bulletin-Editors@cern.ch</marc:subfield>
  </marc:datafield>
  <marc:datafield tag="916" ind1=" " ind2=" ">
    <marc:subfield code="s">n</marc:subfield>
    <marc:subfield code="w">200427</marc:subfield>
  </marc:datafield>
  <marc:datafield tag="960" ind1=" " ind2=" ">
    <marc:subfield code="a">75</marc:subfield>
  </marc:datafield>
  <marc:datafield tag="961" ind1=" " ind2=" ">
    <marc:subfield code="c">20040701</marc:subfield>
    <marc:subfield code="h">1631</marc:subfield>
    <marc:subfield code="l">MMD01</marc:subfield>
    <marc:subfield code="x">20040701</marc:subfield>
  </marc:datafield>
  <marc:datafield tag="962" ind1=" " ind2=" ">
    <marc:subfield code="b">000015596</marc:subfield>
    <marc:subfield code="l">MMD</marc:subfield>
    <marc:subfield code="t">Photo</marc:subfield>
  </marc:datafield>
  <marc:datafield tag="962" ind1=" " ind2=" ">
    <marc:subfield code="b">000000305</marc:subfield>
    <marc:subfield code="l">MMD</marc:subfield>
    <marc:subfield code="t">Photo</marc:subfield>
  </marc:datafield>
  <marc:datafield tag="963" ind1=" " ind2=" ">
    <marc:subfield code="a">PUBLIC</marc:subfield>
  </marc:datafield>
  <marc:datafield tag="970" ind1=" " ind2=" ">
    <marc:subfield code="a">000015675MMD</marc:subfield>
  </marc:datafield>
  <marc:datafield tag="980" ind1=" " ind2=" ">
    <marc:subfield code="a">BULLETINNEWS</marc:subfield>
  </marc:datafield>
  <marc:datafield tag="773" ind1=" " ind2=" ">
    <marc:subfield code="c">1</marc:subfield>
    <marc:subfield code="n">28/2004</marc:subfield>
    <marc:subfield code="t">CERN Bulletin</marc:subfield>
  </marc:datafield>
  <marc:datafield tag="856" ind1="4" ind2=" ">
    <marc:subfield code="q">http://documents.cern.ch/photo/photo-ex/0406003_01.gif</marc:subfield>
    <marc:subfield code="x">icon</marc:subfield>
  </marc:datafield>
  <marc:datafield tag="856" ind1="4" ind2=" ">
    <marc:subfield code="u">http://cds.cern.ch/record/749051/files/na-2004-128_0406003_01.jpg</marc:subfield>
  </marc:datafield>
  <marc:datafield tag="856" ind1="4" ind2=" ">
    <marc:subfield code="u">http://cds.cern.ch/record/749051/files/na-2004-128_9007366.jpg</marc:subfield>
  </marc:datafield>
  <marc:datafield tag="856" ind1="4" ind2=" ">
    <marc:subfield code="u">http://cds.cern.ch/record/749051/files/na-2004-128_0406003_01.gif?subformat=icon</marc:subfield>
    <marc:subfield code="x">icon</marc:subfield>
  </marc:datafield>
  <marc:datafield tag="856" ind1="4" ind2=" ">
    <marc:subfield code="u">http://cds.cern.ch/record/749051/files/na-2004-128_9007366.gif?subformat=icon</marc:subfield>
    <marc:subfield code="x">icon</marc:subfield>
  </marc:datafield>
</marc:record>
</metadata></record>