<record><header><identifier>oai:cds.cern.ch:749053</identifier><datestamp>2014-10-06T20:01:41Z</datestamp><setSpec>cerncds:FULLTEXT</setSpec></header><metadata><marc:record xmlns:marc="http://www.loc.gov/MARC21/slim" xmlns:xsi="http://www.w3.org/2001/XMLSchema-instance" xsi:schemaLocation="http://www.loc.gov/MARC21/slim http://www.loc.gov/standards/marcxml/schema/MARC21slim.xsd" type="Bibliographic">
     <marc:leader>00000coc  2200000uu 4500</marc:leader>
  <marc:controlfield tag="001">749053</marc:controlfield>
  <marc:controlfield tag="003">SzGeCERN</marc:controlfield>
  <marc:controlfield tag="005">20141006220141.0</marc:controlfield>
  <marc:datafield tag="024" ind1="8" ind2=" ">
    <marc:subfield code="a">oai:cds.cern.ch:749053</marc:subfield>
    <marc:subfield code="p">cerncds:FULLTEXT</marc:subfield>
  </marc:datafield>
  <marc:datafield tag="037" ind1=" " ind2=" ">
    <marc:subfield code="a">BUL-NA-2004-130</marc:subfield>
  </marc:datafield>
  <marc:datafield tag="041" ind1=" " ind2=" ">
    <marc:subfield code="a">eng</marc:subfield>
  </marc:datafield>
  <marc:datafield tag="041" ind1=" " ind2=" ">
    <marc:subfield code="a">fre</marc:subfield>
  </marc:datafield>
  <marc:datafield tag="088" ind1=" " ind2=" ">
    <marc:subfield code="a">28/2004</marc:subfield>
  </marc:datafield>
  <marc:datafield tag="245" ind1=" " ind2=" ">
    <marc:subfield code="a">Golden Jubilee photos: LEAR</marc:subfield>
  </marc:datafield>
  <marc:datafield tag="246" ind1=" " ind2="1">
    <marc:subfield code="a">Un jubil&amp;eacute; en images&amp;nbsp;:&amp;nbsp;LEAR</marc:subfield>
  </marc:datafield>
  <marc:datafield tag="260" ind1=" " ind2=" ">
    <marc:subfield code="c">2004</marc:subfield>
  </marc:datafield>
  <marc:datafield tag="269" ind1=" " ind2=" ">
    <marc:subfield code="c">05 Jul 2004</marc:subfield>
  </marc:datafield>
  <marc:datafield tag="520" ind1=" " ind2=" ">
    <marc:subfield code="b">&lt;!--HTML--&gt;&lt;a href='http://cdsweb.cern.ch/search?recid=615876'&gt;&lt;center&gt;&lt;img src=http://cds.cern.ch/record/749053/files/na-2004-130_9202053_18.jpg border=1&gt;&lt;/center&gt;&lt;/a&gt;&lt;br&gt;&lt;b&gt;&lt;i&gt;&lt;center&gt;Extraction lines that carried the antiprotons from LEAR to the experiments. Beam-splitters and a multitude of beam-lines allowed several users to be supplied simultaneously.&lt;/center&gt;&lt;/i&gt;&lt;/b&gt;&lt;br&gt;&lt;p align=justify&gt; Particle physicists don't always need ever more powerful accelerators to study interesting physics. LEAR, the Low Energy Antiproton Ring, was designed to help explore the properties of antimatter, with the annihilation of protons and antiprotons becoming the main theme.&lt;br&gt; LEAR was commissioned in 1983 and contributed to more than 30 experiments with great success.&lt;br&gt; LEAR took part in the discovery of a 'glueball', a particle composed entirely of gluons, the carriers of the strong nuclear force. LEAR also observed that neutral kaons and antikaons decay at a slightly different rate, offering physicists another insight into the mystery about why matter prevails over antimatter in the Universe.&lt;br&gt; Uniquely, LEAR combined both the electron and stochastic beam cooling techniques, used to control and refine the beams. It also pioneered a technique using white noise and magnetic resonance to extract one antiproton for every 30 km the beam travelled around the machine (400 revolutions).&lt;br&gt; In 1995 the machine produced the first nine antihydrogen atoms. As antimatter is a potential power source and rocket propellant, and is well known to followers of science fiction, this triggered a considerable amount of media interest.&lt;br&gt; LEAR was closed in 1996 and is now being converted to LEIR (Low Energy Ion Ring): it will provide lead ion beams to the LHC. &lt;/p&gt;</marc:subfield>
  </marc:datafield>
  <marc:datafield tag="590" ind1=" " ind2=" ">
    <marc:subfield code="b">&lt;!--HTML--&gt;&lt;a href='http://cdsweb.cern.ch/search?recid=615876'&gt;&lt;center&gt;&lt;img src=http://cds.cern.ch/record/749053/files/na-2004-130_9202053_18.jpg border=1&gt;&lt;/center&gt;&lt;/a&gt;&lt;br&gt;&lt;b&gt;&lt;i&gt;&lt;center&gt;Lignes d'extraction qui transportent les antiprotons de l'anneau du LEAR vers les expriences. Des sparateurs de faisceaux et une multitude de lignes de faisceaux permettent  plusieurs utilisateurs d'tre approvisionns simultanment.&lt;/center&gt;&lt;/i&gt;&lt;/b&gt;&lt;br&gt;&lt;p align=justify&gt; Les physiciens n'ont pas toujours besoin d'acclrateurs plus puissants pour raliser des expriences intressantes. L'installation LEAR, l'anneau d'antiprotons de basse nergie, avait t conue pour aider  explorer les proprits de l'antimatire, principalement dans le cadre des annihilations de protons et d'antiprotons.&lt;br&gt; L'anneau LEAR, mis en service en 1983, a contribu&amp;eacute; avec succ&amp;egrave;s &amp;agrave; plus de trente exp&amp;eacute;riences.&lt;br&gt; Le LEAR a contribu&amp;eacute; &amp;agrave; la d&amp;eacute;couverte d'une particule appel&amp;eacute;e &amp;laquo;&amp;nbsp;boule de glu&amp;nbsp;&amp;raquo;, compos&amp;eacute;e exclusivement de gluons, qui sont les vecteurs de la force nucl&amp;eacute;aire forte. Il a aussi permis d'observer que les kaons neutres et leurs antiparticules pr&amp;eacute;sentaient une diff&amp;eacute;rence infime de taux de d&amp;eacute;sint&amp;eacute;gration, ce qui a ouvert de nouveaux horizons pour &amp;eacute;claircir le myst&amp;egrave;re du d&amp;eacute;s&amp;eacute;quilibre entre mati&amp;egrave;re et antimati&amp;egrave;re dans l'Univers .&lt;br&gt; Unique, le LEAR combinait &amp;agrave; la fois les techniques de refroidissement stochastique et de refroidissement par &amp;eacute;lectrons afin de contr&amp;ocirc;ler et d'ajuster les faisceaux. Il fut aussi le pionnier d'une technique utilisant du bruit blanc et des r&amp;eacute;sonances magn&amp;eacute;tiques pour extraire un antiproton sur 30&amp;nbsp;km de faisceau (400&amp;nbsp;fois le tour de la machine).&lt;br&gt; En 1995, les neuf premiers atomes d'antihydrog&amp;egrave;ne y furent produits. Comme l'antimati&amp;egrave;re, bien connue des amateurs de science-fiction, est une source potentielle d'&amp;eacute;nergie et de propulsion de fus&amp;eacute;es, l'&amp;eacute;v&amp;eacute;nement suscita un int&amp;eacute;r&amp;ecirc;t m&amp;eacute;diatique consid&amp;eacute;rable.&lt;br&gt; La conversion du LEAR en LEIR (Anneau d'ions de basse &amp;eacute;nergie) se poursuit actuellement, et la nouvelle installation fournira des faisceaux d'ions au LHC &amp;agrave; partir de 2007. &lt;/p&gt;</marc:subfield>
  </marc:datafield>
  <marc:datafield tag="595" ind1=" " ind2=" ">
    <marc:subfield code="a">CERN EDS</marc:subfield>
  </marc:datafield>
  <marc:datafield tag="650" ind1="1" ind2="7">
    <marc:subfield code="2">SzGeCERN</marc:subfield>
    <marc:subfield code="a">News Articles</marc:subfield>
  </marc:datafield>
  <marc:datafield tag="859" ind1=" " ind2=" ">
    <marc:subfield code="f">Christiane.Lefevre@cern.ch</marc:subfield>
  </marc:datafield>
  <marc:datafield tag="906" ind1=" " ind2=" ">
    <marc:subfield code="m">Bulletin-Editors@cern.ch</marc:subfield>
  </marc:datafield>
  <marc:datafield tag="916" ind1=" " ind2=" ">
    <marc:subfield code="s">n</marc:subfield>
    <marc:subfield code="w">200427</marc:subfield>
  </marc:datafield>
  <marc:datafield tag="960" ind1=" " ind2=" ">
    <marc:subfield code="a">75</marc:subfield>
  </marc:datafield>
  <marc:datafield tag="961" ind1=" " ind2=" ">
    <marc:subfield code="c">20040701</marc:subfield>
    <marc:subfield code="h">1634</marc:subfield>
    <marc:subfield code="l">MMD01</marc:subfield>
    <marc:subfield code="x">20040701</marc:subfield>
  </marc:datafield>
  <marc:datafield tag="962" ind1=" " ind2=" ">
    <marc:subfield code="b">000012925</marc:subfield>
    <marc:subfield code="l">MMD</marc:subfield>
    <marc:subfield code="t">Photo</marc:subfield>
  </marc:datafield>
  <marc:datafield tag="963" ind1=" " ind2=" ">
    <marc:subfield code="a">PUBLIC</marc:subfield>
  </marc:datafield>
  <marc:datafield tag="970" ind1=" " ind2=" ">
    <marc:subfield code="a">000015677MMD</marc:subfield>
  </marc:datafield>
  <marc:datafield tag="980" ind1=" " ind2=" ">
    <marc:subfield code="a">BULLETINNEWS</marc:subfield>
  </marc:datafield>
  <marc:datafield tag="773" ind1=" " ind2=" ">
    <marc:subfield code="c">3</marc:subfield>
    <marc:subfield code="n">28/2004</marc:subfield>
    <marc:subfield code="t">CERN Bulletin</marc:subfield>
  </marc:datafield>
  <marc:datafield tag="856" ind1="4" ind2=" ">
    <marc:subfield code="u">http://cds.cern.ch/record/749053/files/na-2004-130_9202053_18.jpg</marc:subfield>
  </marc:datafield>
  <marc:datafield tag="856" ind1="4" ind2=" ">
    <marc:subfield code="u">http://cds.cern.ch/record/749053/files/na-2004-130_9202053_18.gif?subformat=icon</marc:subfield>
    <marc:subfield code="x">icon</marc:subfield>
  </marc:datafield>
</marc:record>
</metadata></record>