<record><header><identifier>oai:cds.cern.ch:749056</identifier><datestamp>2014-10-06T20:04:41Z</datestamp><setSpec>cerncds:FULLTEXT</setSpec></header><metadata><marc:record xmlns:marc="http://www.loc.gov/MARC21/slim" xmlns:xsi="http://www.w3.org/2001/XMLSchema-instance" xsi:schemaLocation="http://www.loc.gov/MARC21/slim http://www.loc.gov/standards/marcxml/schema/MARC21slim.xsd" type="Bibliographic">
     <marc:leader>00000coc  2200000uu 4500</marc:leader>
  <marc:controlfield tag="001">749056</marc:controlfield>
  <marc:controlfield tag="003">SzGeCERN</marc:controlfield>
  <marc:controlfield tag="005">20141006220441.0</marc:controlfield>
  <marc:datafield tag="024" ind1="8" ind2=" ">
    <marc:subfield code="a">oai:cds.cern.ch:749056</marc:subfield>
    <marc:subfield code="p">cerncds:FULLTEXT</marc:subfield>
  </marc:datafield>
  <marc:datafield tag="037" ind1=" " ind2=" ">
    <marc:subfield code="a">BUL-GI-2004-108</marc:subfield>
  </marc:datafield>
  <marc:datafield tag="041" ind1=" " ind2=" ">
    <marc:subfield code="a">eng</marc:subfield>
  </marc:datafield>
  <marc:datafield tag="041" ind1=" " ind2=" ">
    <marc:subfield code="a">fre</marc:subfield>
  </marc:datafield>
  <marc:datafield tag="088" ind1=" " ind2=" ">
    <marc:subfield code="a">28/2004</marc:subfield>
  </marc:datafield>
  <marc:datafield tag="245" ind1=" " ind2=" ">
    <marc:subfield code="a">Bal des pompiers - French version only</marc:subfield>
  </marc:datafield>
  <marc:datafield tag="246" ind1=" " ind2="1">
    <marc:subfield code="a">Bal des pompiers</marc:subfield>
  </marc:datafield>
  <marc:datafield tag="260" ind1=" " ind2=" ">
    <marc:subfield code="c">2004</marc:subfield>
  </marc:datafield>
  <marc:datafield tag="269" ind1=" " ind2=" ">
    <marc:subfield code="c">05 Jul 2004</marc:subfield>
  </marc:datafield>
  <marc:datafield tag="520" ind1=" " ind2=" ">
    <marc:subfield code="b">&lt;!--HTML--&gt;&lt;center&gt;&lt;img src=http://cds.cern.ch/record/749056/files/gi-2004-108_Bal.jpg border=1&gt;&lt;/center&gt;&lt;br&gt;&lt;b&gt;&lt;i&gt;&lt;center&gt;&lt;/center&gt;&lt;/i&gt;&lt;/b&gt;&lt;br&gt;</marc:subfield>
  </marc:datafield>
  <marc:datafield tag="590" ind1=" " ind2=" ">
    <marc:subfield code="b">&lt;!--HTML--&gt;&lt;center&gt;&lt;img src=http://cds.cern.ch/record/749056/files/gi-2004-108_Bal.jpg border=1&gt;&lt;/center&gt;&lt;br&gt;&lt;b&gt;&lt;i&gt;&lt;center&gt;&lt;/center&gt;&lt;/i&gt;&lt;/b&gt;&lt;br&gt;</marc:subfield>
  </marc:datafield>
  <marc:datafield tag="595" ind1=" " ind2=" ">
    </marc:datafield></marc:record></metadata></record></ListRecords></OAI-PMH>